2623 3802
1122 196 1524 268 'W2ffl10

254 337 538 391 scriptorum,
584 333 655 386 qui
695 330 870 372 omnino
908 328 1058 371 dorica
1096 330 1284 373 dialecto
1321 332 1387 372 usi
1424 338 1547 381 sunt,
1598 344 1730 387 quum
1777 343 1889 385 quae
1927 327 2203 374 Doriensium
2241 333 2415 389 propria

255 403 389 446 fuisse
410 397 757 455 cognoverimus,
777 396 935 451 etipsa
953 410 981 438 a
1001 395 1317 452 Spartanorum
1336 410 1419 440 usu
1435 411 1522 439 non
1538 395 1673 439 fuisse
1690 395 1836 439 aliena
1853 396 2070 454 conjicere
2088 395 2230 440 liceat.
2269 399 2417 456 Itaque

251 468 439 523 suscepi,
467 470 514 507 ut
538 462 627 507 hoc
651 464 811 520 capite,
840 476 955 520 quae
974 463 1222 521 Xenophon
1250 478 1308 508 ex
1333 463 1646 520 Spartanorum
1673 475 1757 507 usu
1785 463 2038 520 recepisset,
2072 463 2164 506 sive
2196 463 2419 510 laconicae

255 538 346 577 sive
380 532 556 579 omnino
604 531 781 574 doricae
817 529 986 572 dialecti
1032 533 1235 587 propria,
1282 532 1536 588 indagarem
1581 532 1698 573 initio
1735 536 1864 585 capto
1909 532 1966 573 ab
2015 532 2068 573 iis
2114 529 2416 583 locutionibus,

252 600 407 655 quibus
434 606 512 641 aut
538 599 583 641 in
610 587 810 641 institutis
835 597 1114 651 moribusque
1152 598 1473 652 Spartanorum
1508 605 1581 640 aut
1616 598 1659 639 in
1696 603 1791 639 arte
1828 596 2000 639 militari
2041 605 2115 639 aut
2154 601 2420 653 gymnastica

254 665 552 709 describendis
578 665 709 706 utitur
735 660 994 716 Xenophon.

364 732 536 773 Nomen
561 730 623 771 τοὶ
649 726 782 768 καλοί
815 740 953 783 saepe
988 727 1236 784 Xenophon
1276 731 1335 772 ad
1359 742 1534 771 omnem
1561 721 1831 784 disciplinam
1858 727 2077 784 publicam
2107 730 2418 785 Spartanorum

252 799 458 849 traduxit,
486 805 533 840 ut
558 809 646 838 non
667 795 723 837 sit
751 793 954 845 dubium,
992 795 1093 851 quin
1123 794 1195 838 hic
1221 809 1329 838 usus
1357 797 1414 839 ab
1452 796 1644 852 ipsorum
1671 794 1985 851 Spartanorum
2012 796 2324 839 consuetudine
2351 812 2418 840 re-

256 866 469 924 petendus
504 864 572 907 sit.
629 861 826 906 Maxime
854 869 1002 906 autem
1037 861 1334 919 intelliguntur
1368 862 1581 914 instituta,
1620 863 1962 920 quibuscumque
1993 863 2111 908 cives
2139 863 2197 907 ad
2224 864 2421 909 virtutem
2458 865 2460 867 ’

258 932 515 979 adsuefitmt.
570 927 674 973 Vid.
703 928 838 986 Resp.
865 927 975 972 Lac.
1004 930 1048 980 3,
1075 930 1134 1004 3...
1144 926 1335 972 Mueller
1358 925 1466 972 Dor.
1494 927 1545 971 11.
1573 943 1617 984 p.
1645 931 1744 972 ³00.
1776 927 1956 975 Hellen
1980 928 2036 981 V,
2061 931 2168 982 3,9.
2227 933 2296 973 καὶ
2321 929 2420 980 ξένοι

259 1020 332 1044 των
359 1000 553 1058 τροφίμων
583 1000 831 1051 καλουμένων
858 999 927 1038 καὶ
955 994 1061 1037 νόθοι
1080 1012 1153 1036 των
1165 992 1432 1053 zmegma-m,
1461 993 1570 1049 μάλα.
1598 993 1759 1044 εὖειδεῖς
1786 1014 1832 1038 τε
1865 1000 1934 1039 καὶ
1961 1015 2036 1039 τιον
2063 1003 2098 1040 ἐν
2125 1014 2173 1057 τη
2203 998 2316 1042 πόλει
2348 1020 2422 1042 κα-

259 1066 332 1110 λδν
363 1065 434 1109 οὐκ
462 1064 633 1123 ἄπειροι.
672 1064 772 1108 ibid.
802 1062 868 1114 V,
897 1066 953 1112 4,
990 1064 1059 1104 32.
1087 1064 1156 1104 33.
1212 1061 1344 1116 Apud
1371 1061 1655 1106 Plutarchum
1682 1063 1832 1117 (instit.
1856 1062 1941 1108 lac.
1972 1068 2006 1116 §-
2034 1066 2103 1108 26.
2132 1065 2201 1108 ed.
2232 1066 2423 1111 Tauchn.

259 1136 310 1178 ll.
339 1149 378 1190 p.
409 1133 525 1186 178.)
553 1132 757 1175 dicuntur
785 1128 988 1184 Spartani
1015 1128 1184 1184 precari
1218 1126 1365 1169 διδόναι
1390 1129 1443 1176 τοὶ
1471 1129 1578 1170 καλοὶ
1606 1133 1669 1171 ἐπι
1691 1135 1768 1177 τοῖς
1797 1128 1959 1180 οέγοιθοῒς
1983 1135 2053 1173 καὶ
2071 1136 2189 1174 πλέον
2215 1132 2334 1178 ουδέν.
2377 1135 2425 1178 In

257 1201 369 1246 Xen.
396 1197 526 1243 Mem.
550 1197 602 1240 Π.
630 1199 673 1248 6,
703 1198 772 1239 18.
793 1193 927 1244 πόλεις
955 1197 994 1236 αἱ
1021 1193 1093 1237 τιῖν
1120 1211 1166 1237 τε
1196 1192 1326 1236 καλῧν
1361 1193 1536 1249 μάλιστα
1572 1195 1872 1250 ἐπιμελούμεναι
1912 1202 1982 1241 καὶ
2018 1198 2071 1241 vot*
2098 1200 2250 1258 αἶσχροὲ
2280 1199 2426 1252 ἥκιστα

260 1270 498 1326 προςιέμεναι
525 1264 714 1307 maxime
744 1262 1060 1319 Spartanorum
1087 1262 1240 1304 urbem
1266 1260 1446 1319 intelligi
1474 1270 1656 1306 constat.
1714 1262 1856 1312 Quem
1891 1277 2017 1308 usum
2062 1267 2181 1324 quod
2208 1266 2425 1310 transtulit

258 1332 506 1389 Xenophon
534 1332 666 1374 etiam
701 1330 761 1372 ad
787 1330 951 1372 Persas
986 1330 1029 1370 ln
1057 1327 1215 1383 Cyrop.
1246 1332 1286 1379 l,
1314 1332 1357 1380 2,
1389 1332 1454 1371 15.
1498 1333 1531 1371 ei
1559 1333 1774 1388 γεραίτεροι
1802 1331 1869 1371 διαὶ
1897 1330 2049 1374 πάντων
2077 1333 2151 1375 τῧν
2176 1333 2304 1375 καλῧν
2341 1340 2425 1383 ἐλη-

261 1400 438 1448 λυθότες,
467 1412 558 1441 non
586 1404 655 1441 est
682 1397 853 1448 mirum,
882 1409 1015 1452 quum
1041 1395 1091 1436 iis
1120 1395 1312 1438 tribuere
1338 1394 1480 1439 soleat
1505 1395 1581 1439 illo
1608 1396 1734 1450 libro,
1763 1412 1877 1455 quae
1906 1399 2223 1456 Spartanorum
2250 1401 2428 1457 propria

261 1482 360 1513 esse
390 1471 669 1524 cognoverat.
725 1463 869 1506 Utitur
896 1462 983 1506 hoc
1004 1462 1219 1506 vocabulo
1248 1463 1379 1507 etiam
1404 1463 1691 1519 Hippocrates
1714 1464 1957 1520 Spartanus
1984 1468 2028 1510 in
2058 1467 2268 1524 epistola,
2297 1481 2428 1523 quam

261 1536 376 1581 infra
401 1533 624 1583 tractabo,
653 1529 824 1574 Hellen.
853 1530 888 1583 1,
919 1533 959 1583 l,
986 1532 1054 1575 23.
1082 1527 1182 1589 ἔῤῥει
1209 1530 1265 1573 roz*
1293 1528 1414 1579 καλοί,
1443 1530 1561 1588 quod
1586 1530 1812 1577 Romanus
1839 1533 2042 1578 dixisset:
2077 1533 2326 1591 respublica
2354 1535 2427 1577 de·

263 1605 508 1648 trImentum
536 1600 662 1655 cepit.
717 1597 923 1651 Haasius,
952 1600 1023 1655 qui
1051 1599 1104 1642 de
1131 1597 1220 1642 hoc
1245 1610 1331 1643 usu
1357 1599 1416 1643 ad
1443 1613 1579 1656 remp.
1605 1599 1713 1644 Lac.
1742 1604 1785 1653 3,
1804 1604 1845 1645 3.
1876 1601 2092 1655 disseruit,
2118 1601 2326 1659 exemplis
2354 1602 2427 1644 de-

265 1670 545 1720 monstravit,
582 1667 712 1711 etiam
740 1664 935 1709 honores
970 1666 1167 1722 publicos
1204 1673 1249 1709 et
1283 1667 1426 1711 omnia
1462 1674 1719 1712 ornamenta
1754 1681 1869 1725 quae
1911 1670 2078 1713 civibus
2116 1670 2171 1713 de
2206 1669 2430 1726 republica

265 1741 378 1784 bene
404 1735 565 1781 meritis
592 1733 918 1792 contingerent,
954 1732 1040 1777 hoc
1064 1733 1240 1777 nomme
1263 1732 1510 1791 significari.
1568 1732 1664 1779 Hoc
1700 1740 1845 1780 autem
1874 1742 2112 1780 memoratu
2140 1735 2316 1794 dignum
2346 1743 2427 1787 est,

264 1818 393 1863 quam
419 1805 533 1847 bene
558 1802 792 1846 conveniat
818 1799 907 1844 hoc
932 1814 1089 1845 nomen
1116 1800 1328 1843 sentiendi
1352 1802 1511 1845 rationi
1540 1801 1869 1859 Spartanorum,
1898 1803 1969 1860 qui
1997 1810 2044 1846 ut
2071 1802 2312 1846 Dorienses
2340 1816 2430 1845 om-

262 1874 366 1917 nino
394 1871 440 1913 in
467 1870 640 1913 civitate
667 1869 736 1911 τᾶν
766 1866 916 1921 κόσμον
942 1868 1220 1924 quaesierint.
1276 1867 1427 1916 Quare
1465 1869 1583 1924 apud
1619 1869 1855 1913 Cretenses
1891 1871 2048 1913 summi
2083 1870 2365 1926 magistratus
2396 1873 2431 1911 οἱ

269 1938 416 1993 κόσμοι
452 1935 660 1993 appellati
698 1942 743 1978 et
769 1933 960 1992 Lycurgi
992 1934 1078 1983 filio
1113 1933 1321 1978 Eucosmi
1350 1947 1510 1977 nomen
1535 1935 1713 1978 inditum
1742 1942 1819 1978 est.
1875 1936 2029 1992 Neque
2064 1934 2253 1979 alienum
2280 1944 2347 1977 est
2374 1938 2429 1978 ab

272 2007 360 2051 hac
383 2005 551 2048 ratione
576 2016 738 2047 nonen
766 2003 828 2044 τοὲ
854 2006 972 2052 τέλη
999 2004 1090 2044 sive
1116 2005 1162 2043 οἱ
1183 2008 1231 2043 ἐν
1258 2005 1421 2048 τέλει.
1451 2000 1540 2057 q'uo
1566 2003 1683 2058 apud
1704 2002 1944 2058 Spartanos
1971 2004 2128 2047 summi
2150 1992 2432 2059 magistratus

271 2070 630 2129 appellabantur,
659 2071 728 2112 διαὶ
754 2071 803 2113 τὸ
831 2068 967 2116 adrev<
995 2070 1048 2110 τοὶ
1073 2072 1162 2121 τέλη
1189 2076 1268 2118 τοῖς
1295 2068 1500 2128 πράγμασι
1529 2073 1670 2111 τιθέναι
1683 2101 1694 2118 ,
1734 2077 1782 2113 ut
1807 2070 2113 2126 interpretatur
2141 2068 2430 2126 ThucydideS,

267 2140 387 2196 quod
413 2151 585 2191 mmen,
611 2140 714 2181 utin
740 2137 840 2181 aliis
866 2135 1027 2180 factum
1049 2144 1140 2190 est,
1171 2138 1301 2181 etiam
1332 2137 1389 2179 ad
1415 2139 1698 2194 magistratus
1724 2137 1908 2182 aliorum
1934 2135 2193 2193 populorum
2214 2135 2432 2179 transtulit

267 2206 528 2262 Xenophon.
585 2205 715 2249 Unde
739 2203 904 2248 iactum
932 2204 1123 2256 videtur,
1152 2211 1201 2248 ut
1228 2203 1473 2259 Hesychfils
1501 2204 1766 2248 locutionem
1801 2207 1946 2252 τέλος
1983 2202 2102 2257 ἔχει
2140 2202 2432 2246 Lacedaemo-

265 2275 349 2317 niis
375 2274 551 2325 tribuat,
579 2271 670 2325 ἔχει
699 2276 809 2320 τέλος
841 2286 852 2297 ·
880 2268 1131 2321 τετελεύτηκε
1145 2301 1156 2312 .
1186 2268 1380 2318 Λάκωνες.
1450 2271 1582 2326 Apud
1609 2270 1944 2327 Xenophontem
1982 2269 2139 2328 legitur
2166 2269 2277 2311 haec
2313 2268 2431 2311 locu·

265 2343 352 2393 tio,
391 2341 446 2383 de
473 2354 561 2396 qua
588 2340 673 2382 vid.
704 2338 801 2381 Ast.
827 2338 888 2380 ad
913 2334 1025 2380 Plat.
1052 2336 1192 2394 Legg.
1221 2351 1264 2393 p.
1293 2339 1406 2388 223.,
1446 2337 1490 2380 in
1518 2336 1675 2395 Cyrop.
1704 2337 1765 2390 11,
1792 2340 1848 2388 8,
1886 2340 1955 2380 22.
1992 2337 2085 2380 ὃταν
2124 2341 2230 2384 τέλος
2261 2336 2283 2387 ἦ
2312 2336 2436 2386 σκηνή

269 2407 363 2466 ἔχῃ.
392 2406 476 2458 Ill,
503 2410 556 2458 8,
583 2409 654 2450 34.
681 2410 769 2448 kmi
797 2405 842 2447 δὲ
874 2408 982 2452 τέλος
1009 2400 1133 2457 εἶχεν
1159 2404 1184 2456 ἡ
1213 2407 1343 2446 θυσία.
1373 2403 1494 2457 Vlll,
1533 2407 1586 2457 3,
1623 2407 1692 2448 3⁴}-
1721 2403 1769 2453 ui<
1799 2404 1842 2446 δὲ
1868 2401 1995 2447 τοιῧτα
2022 2405 2298 2460 (certamina)
2327 2408 2432 2450 τέλος

266 2473 393 2528 εἶχεν.
452 2474 595 2517 Anab.
622 2472 701 2525 Vl,
726 2475 771 2525 5,
800 2475 842 2515 2.
872 2475 941 2513 καὶ
972 2468 1041 2524 ἤδη
1069 2476 1174 2521 τέλος
1199 2469 1366 2524 ἐχόντων
1391 2468 1464 2513 τὸν
1492 2473 1611 2529 ieeur,
1657 2470 1786 2527 Apol.
1814 2475 1848 2524 §-
1873 2473 1943 2514 23.
1972 2471 2018 2521 ἇς
2057 2473 2100 2514 δὲ
2134 2476 2240 2520 τέλος
2268 2469 2378 2523 εἶχεν
2407 2470 2431 2520 ἦ

271 2544 371 2593 δίκη.
439 2542 532 2585 Nec
558 2552 666 2583 vero
699 2540 879 2583 dubim
907 2547 1000 2591 est,
1044 2540 1144 2595 quin
1172 2540 1231 2584 ad
1264 2538 1388 2582 illum
1415 2539 1732 2594 Spartanorum
1757 2551 1883 2582 usum
1909 2538 2186 2584 referendum
2222 2540 2278 2581 sit
2306 2540 2434 2580 etiam

271 2608 538 2653 vocabulum
574 2605 774 2656 εὐεξία.
813 2608 932 2664 quod
969 2608 1027 2650 de
1063 2607 1249 2652 civitatis
1283 2612 1399 2648 statu
1436 2606 1544 2649 dixit
1568 2603 1814 2661 Xenophon
1840 2607 1886 2649 in
1921 2621 2011 2662 rep.
2041 2607 2147 2651 Lac.
2174 2610 2218 2658 8,
2250 2611 2288 2648 1.
2317 2605 2434 2661 quod

274 2689 405 2735 quum
430 2675 553 2718 nullo
582 2674 784 2731 exemplo
811 2676 986 2731 probari
1014 2683 1179 2730 posset,
1206 2671 1425 2717 nonnullis
1451 2672 1688 2715 editoribus
1715 2671 1939 2717 offensioni
1966 2673 2058 2717 fuit.
2116 2674 2214 2716 Vid.
2243 2672 2375 2716 HaaS.

384 2742 666 2785 Locutionem
693 2740 752 2802 τῇ
779 2740 937 2801 ὄρφνῃ
956 2742 1140 2796 (suidas
1174 2739 1269 2785 vult
1284 2737 1425 2799 ὄρφνῇ)
1463 2738 1557 2781 ὅσοι
1585 2738 2015 2798 ἧμέρᾳχρηστέον
2041 2743 2207 2798 inrep.
2246 2740 2352 2784 Lac.
2390 2743 2433 2789 5,

271 2813 314 2854 7.
342 2809 588 2854 laconicam
614 2823 716 2853 esse
740 2823 830 2852 non
856 2818 1019 2852 temere
1044 2808 1268 2867 conjicias·
1323 2806 1438 2851 Plut.
1456 2805 1562 2865 Lyc.
1581 2822 1619 2851 c.
1649 2810 1714 2852 12.
1744 2805 1898 2856 πιόντες
1917 2810 1951 2851 οἱ
1970 2806 2152 2858 Λάκωνες
2174 2815 2209 2851 ἐν
2232 2815 2311 2857 τοῖς
2335 2826 2430 2849 συσ-

271 2879 402 2926 σιτίοις
439 2883 597 2935 μετρίαις
634 2874 774 2918 οἷπίοισι
803 2875 902 2929 δίχα
939 2873 1144 2927 λαμπάδος
1179 2890 1190 2902 ·
1232 2872 1282 2918 ου’
1311 2875 1389 2933 γοὲρ
1425 2873 1558 2923 ἔξεστι
1600 2876 1693 2935 πρὸς
1730 2872 1812 2927 φῧς
1839 2874 2010 2930 βαδίζειν
2048 2874 2136 2920 οὔτε
2167 2875 2306 2927 ταύτην
2344 2873 2433 2917 οὔτε

273 2944 390 2996 σῖλλην
417 2943 533 2992 ὅδδν.
569 2941 673 2994 ὅπως
700 2944 899 2998 ἐθίζωνται
927 2940 1089 2992 σκότους
1125 2946 1193 2985 καὶ
1220 2943 1355 2991 νυκτὸς
1381 2941 1573 3002 εὐθαρσεῖς
1602 2947 1671 2986 καὶ
1700 2940 1821 2991 οἷδειῗῖς
1849 2942 1994 2987 ὁδεύειν
2010 2976 2021 2990 .
2061 2957 2173 3000 quae
2201 2943 2340 2987 verba
2369 2957 2434 2986 re—

273 3012 394 3067 petiit
427 3013 470 3055 in
509 3012 637 3055 instit.
678 3011 763 3055 lac.
792 3025 835 3068 p.
867 3012 960 3054 178.
1018 3010 1196 3068 Legitur
1222 3009 1298 3055 illa
1324 3009 1483 3055 locutio
1509 3012 1638 3057 etiam
1666 3011 1710 3055 in
1735 3009 1868 3068 Ages-
1894 3014 1939 3063 θ,
1968 3014 2008 3056 o.
2037 3015 2106 3054 καὶ
2133 3012 2210 3069 γοέρ
2233 3014 2340 3054 νυκτὶ
2366 3015 2433 3062 μὲν

274 3076 432 3135 ὅσαπερ
470 3078 591 3137 ἡμέρᾳ
624 3079 781 3137 ἐχρῆτο.
823 3077 944 3136 ἡμέρας
980 3079 1027 3120 δὲ
1055 3076 1206 3138 ὅσαπερ
1234 3082 1357 3121 νυκτὶ.
1402 3077 1513 3122 Hell-
1542 3078 1617 3121 VI.
1658 3080 1699 3129 l,
1730 3080 1795 3120 15.
1861 3078 1988 3127 lxxv&
2015 3077 2091 3137 γάρ
2118 3085 2199 3122 ἐστι
2229 3081 2299 3119 καὶ
2325 3083 2433 3120 νυκτὶ

274 3143 429 3205 ὅσοιπερ
457 3144 580 3205 ἡμέρᾳ
602 3143 790 3205 χρῆσθαι.
838 3144 997 3204 Cyrop.
1038 3147 1068 3190 Ι.
1109 3150 1151 3200 5,
1191 3150 1260 3200 12,
1317 3146 1425 3202 ὑμεῖς
1453 3147 1496 3189 δὲ
1525 3148 1633 3193 νυκτὶ
1663 3149 1729 3197 μὲν
1758 3144 1896 3199 δήπου.
1925 3145 2078 3205 ὅσοιπερ
2112 3149 2146 3189 οῗ
2171 3144 2283 3189 ἄλλοι
2313 3145 2436 3205 ἡμέρᾳ
