2623 3802
1152 177 1521 252 mam

259 310 432 358 δύναισθ’
458 309 504 353 εἰν
519 308 708 371 χρῆσθαι.
738 310 1011 357 Vocabulum
1029 322 1173 358 autem
1203 313 1337 374 ὄρφνη,
1366 328 1454 371 quo
1482 314 1528 356 in
1554 327 1643 371 rep.
1663 314 1769 358 Lac.
1798 327 1904 360 usus
1931 322 2011 369 est,
2041 315 2217 360 doricae
2247 318 2423 375 originis

259 395 358 423 esse
383 380 614 423 verisimile
645 388 726 423 est.
784 379 1009 437 Adjectivo
1041 381 1210 440 ἔρφνινος
1231 394 1349 425 usus·
1366 389 1434 422 est
1460 379 1663 438 Xenoph.
1691 382 1737 423 in
1765 380 1922 439 Cyrop.
1950 382 2064 435 VIII,
2093 387 2136 435 3,
2164 387 2207 427 3.

369 448 627 491 Locutiones
662 446 721 486 ‘ro'
757 451 1000 504 ἐρωτηθὲν
1038 447 1264 489 οἶκοῧσοιι
1301 448 1347 488 in
1373 460 1464 502 rep.
1494 447 1599 491 Lac.
1634 451 1678 500 3,
1719 449 1761 489 5.
1801 455 1844 490 et
1887 446 1978 489 αἰδὲ
2011 450 2069 490 τὸ
2101 451 2421 508 ἐρησόμενον

259 517 655 573 ἀποκρίνασθαι
683 512 888 565 δυνάμενος
915 515 1045 558 Mem.
1067 514 1141 565 IV,
1163 516 1207 564 2,
1225 516 1294 557 28-
1323 513 1547 559 laconicus
1574 528 1673 558 esse
1700 520 1823 557 recte
1845 513 2055 557 inteIlexit
2076 516 2276 572 Haasius,
2307 536 2421 578 quas

260 599 337 626 cur
359 581 608 624 platonicas
637 580 789 623 dixerit
815 580 1071 632 Bernhardy
1099 586 1209 635 synt.
1238 594 1281 635 p.
1313 582 1405 623 135.
1434 593 1575 637 neque
1597 596 1680 638 ego
1709 579 1917 637 intelligo.
1970 580 2042 624 De
2063 583 2227 626 dicendi
2255 601 2417 642 genere

259 650 456 693 laconico
492 646 577 688 vid.
606 645 799 689 Mueller.
840 645 948 688 Dor.
977 645 1029 687 11.
1057 659 1100 701 p.
1129 648 1226 688 385.
1254 658 1351 702 sqq.
1417 645 1680 691 Laconicum
1709 655 1831 691 certe
1857 649 2077 705 ingenium
2114 647 2216 692 illae
2243 650 2420 697 locutio-

259 732 339 759 nes
377 715 534 769 optime
571 714 832 768 exprimunt,
872 711 989 767 quod
1016 713 1294 768 cognoscitur
1330 714 1458 755 etiam
1500 728 1557 771 el}
1584 712 1788 757 Cleandri
1817 715 1962 757 verbis
2001 714 2146 758 Anab.
2176 714 2251 767 VI,
2279 722 2322 769 0,
2349 725 2418 763 34.

260 780 394 835 ταχύ
420 797 479 822 τοι
508 778 594 833 ὑμῖν
622 775 901 838 α’ποιιρινοῧμαι
917 810 928 824 .
967 777 1084 833 quod
1110 775 1226 822 male
1249 785 1421 822 vertunt
1455 779 1577 823 sine
1603 794 1779 831 mora,
1822 794 1952 836 quum
1981 779 2196 839 significet
2224 786 2421 839 paucis

261 859 303 894 et
331 848 389 892 ad
415 845 532 891 illam
554 847 881 906 brachylogiam
908 844 1351 890 Lacedaemoniorum
1378 848 1598 904 propriam
1626 846 1901 891 referendum
1929 848 1995 891 sit.
2065 848 2193 893 Unde
2235 847 2424 897 facultas

261 917 516 959 sententiam
543 915 695 972 paucis
722 915 860 971 iisque
887 914 1119 969 aptissimis
1147 915 1294 967 Verbis
1322 915 1589 971 exprimendi
1617 914 1743 968 τοῖχος
1771 915 1836 967 τ’ἥς
1867 919 2058 969 σημασίας
2086 917 2241 961 dicitur
2252 949 2267 970 ‚
2307 918 2424 963 Thu-

261 983 425 1042 cydidis
452 983 638 1027 maxime
664 982 853 1038 propria.
902 979 969 1024 Cf.
994 980 1190 1025 Mueller.
1218 981 1377 1026 Hister.
1408 981 1536 1027 litter.
1565 997 1630 1041 gr.
1660 983 1723 1035 11,
1763 998 1804 1039 p.
1833 986 1930 1027 m.
1988 983 2196 1028 Roscher.
2226 985 2423 1045 Thueyd.

260 1066 302 1106 p.
330 1054 425 1094 337.
490 1050 589 1093 Huc
615 1046 757 1091 refero
786 1050 929 1099 etiam,
966 1049 1082 1104 quod
1107 1049 1364 1104 quibusdam
1391 1050 1599 1094 audacius
1628 1052 1849 1102 videatur,
1889 1050 2243 1103 ἐπαληθεῦσαι
2258 1084 2269 1100 .
2306 1056 2423 1110 quod

260 1117 414 1174 Iegltur
441 1120 485 1161 In
516 1117 679 1158 060οη-
709 1118 751 1166 3,
782 1118 848 1157 12.
878 1115 1025 1163 πάντας
1054 1115 1096 1155 δὲ
1124 1140 1179 1146 -
1207 1115 1484 1166 οἷπαληὸεῧσαι
1512 1118 1606 1175 πρδς
1636 1116 1747 1169 ἧμοῖς.
1804 1116 1984 1174 Legltul’
2010 1121 2124 1161 enim
2152 1120 2270 1174 apud
2283 1120 2423 1178 Hesy-

263 1184 404 1228 chium
431 1181 666 1230 οέπαλοῖξαι.
706 1180 848 1233 ὀμόσαι
878 1197 890 1207 ·
919 1181 1121 1229 Λάκωνες’.
1160 1184 1237 1225 ubi
1274 1196 1406 1239 quum
1432 1185 1638 1239 scriptum
1666 1192 1784 1227 esset
1801 1184 2048 1232 ’ἅπαλλοῖξαι
2077 1193 2121 1228 et
2148 1185 2424 1235 οέτταλασίξαι,

261 1250 472 1294 Valcken.
501 1251 558 1291 ad
588 1249 774 1291 Theocr.
812 1250 954 1290 Adon.
982 1250 1034 1300 11,
1057 1263 1100 1303 p.
1131 1252 1212 1290 108
1239 1251 1483 1290 emendavit
1511 1249 1776 1296 α’παλασίξαι,
1809 1253 1837 1292 i.
1866 1264 1904 1292 e.
1928 1252 2188 1302 οέπαλῆθισαι.
2247 1254 2423 1295 Infiniti-

259 1332 359 1360 vum
385 1319 431 1359 in
454 1317 554 1359 loco
582 1315 781 1370 Xenoph.
820 1317 1005 1358 retinere
1030 1314 1157 1366 licet,
1200 1316 1329 1358 modo
1367 1329 1424 1357 ne
1452 1317 1549 1370 quis
1577 1316 1693 1357 dicat
1722 1329 1819 1358 eum
1846 1331 1927 1370 pro
1954 1319 2205 1372 imperativo
2233 1322 2439 1376 positum·

258 1398 372 1436 esse,
401 1392 477 1427 aut
498 1381 775 1434 ἐπαλῆθευσον
803 1381 1077 1426 scribendum
1106 1387 1173 1424 est
1198 1388 1247 1425 ut
1274 1390 1319 1425 et
1345 1382 1440 1437 ipse
1467 1380 1680 1425 Valcken.
1709 1380 1738 1424 l.
1767 1381 1796 1425 1.
1824 1384 2062 1438 proposuit.

371 1452 496 1500 Quae
521 1450 725 1508 leguntur
751 1452 795 1494 in
821 1448 957 1494 Conv.
980 1452 1022 1501 4,
1048 1450 1114 1492 15.
1143 1449 1209 1491 διοέ
1236 1449 1313 1507 γοὲρ
1340 1449 1388 1491 τὸ
1414 1455 1623 1501 ἐμπνεῖν
1644 1468 1681 1491 τι
1711 1449 1809 1502 ἡμᾶς
1832 1450 1922 1497 τούς
1952 1452 2096 1500 καλοιῒς
2123 1460 2201 1502 τοῖς
2222 1460 2421 1511 ἐρωτικοῖς,

259 1521 310 1563 iis
345 1532 600 1576 comparare
636 1517 737 1562 licet
773 1517 945 1561 Aeliani
973 1516 1141 1569 locum,
1179 1518 1252 1561 ubi
1286 1517 1549 1562 vocabulum
1585 1516 1831 1562 laconicum
1868 1520 2043 1561 εἰσπνεῐν
2071 1520 2128 1564 de
2156 1524 2423 1565 amatoribus

258 1588 433 1631 notavi&
490 1586 594 1630 Var.
623 1586 721 1630 hist.
753 1589 796 1638 8,
826 1587 891 1628 12.
921 1584 1211 1639 Λακεδαιμόνοι
1239 1585 1388 1629 δέονται
1417 1584 1490 1629 τὸν
1518 1585 1683 1644 &qao-rav
1712 1589 1882 1629 εἷσπνεῖν
1911 1585 2049 1636 αὐτοῖς.
2101 1589 2421 1642 Λακεδαιμονίων

259 1657 302 1698 δὲ
332 1655 437 1698 ἔστιν
469 1653 565 1705 αὕτη
596 1655 618 1707 ἦ
645 1649 766 1707 ᾢυνή,
804 1651 891 1711 ἐρέν
920 1653 1000 1695 δεῖν
1027 1658 1209 1706 λέγουσαι.
1273 1653 1385 1699 Hinc
1413 1652 1627 1698 Theocrit.
1658 1657 1727 1708 12,
1768 1658 1832 1699 13.
1868 1658 1933 1698 14.
1977 1655 2000 1696 ὅ
2031 1660 2099 1708 μὲν
2128 1650 2173 1709 ἦν
2201 1661 2420 1710 εἴσπνηλος.

258 1729 355 1777 φαίη
381 1722 718 1776 χὀιῖμνκλαΐσδυν,
747 1722 814 1762 τᾶν
841 1719 1007 1780 δ’ἕτερον
1033 1721 1164 1770 πάλιν,
1192 1719 1239 1768 ὅς
1268 1737 1336 1761 κεν
1359 1720 1382 1761 ὅ
1399 1722 1613 1771 Θεσσαλὰς
1632 1716 1768 1771 εἶπεν,
1790 1722 1913 1767 οέΐτοιν.
1955 1722 2053 1765 Vid.
2073 1723 2242 1767 Gallim.
2264 1725 2419 1784 fragm.

262 1796 354 1835 109.
413 1791 522 1833 Plut.
552 1789 717 1832 Cleom.
746 1793 788 1832 3.
815 1792 1059 1841 ἐμπνεῖσθαι.
1117 1789 1255 1846 Etym.
1275 1786 1388 1830 Gud.
1417 1792 1488 1842 23,
1516 1793 1555 1831 2.
1586 1789 1722 1832 Orion
1748 1794 1847 1843 617,
1876 1794 1944 1833 49.
2000 1790 2203 1833 Mueller.
2229 1791 2337 1835 Dor.
2365 1794 2416 1844 11,

262 1862 358 1900 290.
416 1856 481 1899 Cf.
509 1856 620 1898 Plat.
655 1856 855 1912 Sympos.
886 1870 925 1898 c.
954 1856 1028 1897 VI.
1065 1871 1108 1912 p.
1138 1858 1233 1898 179.
1261 1854 1313 1896 Β.
1367 1855 1467 1898 Non
1493 1855 1711 1900 dissimilis
1738 1866 1806 1900 est
1832 1856 1957 1900 locus
1984 1859 2029 1899 in
2054 1871 2144 1913 rep.
2172 1857 2277 1900 Lac.
2305 1863 2348 1910 3,
2376 1864 2417 1901 4.

261 1926 309 1964 τὰ
337 1924 532 1964 αἶδεῒσθαο
569 1920 733 1980 ἰσχυροῖς
759 1922 1000 1973 ἔμφυσιῖἶσαι
1029 1921 1258 1974 βουλόμενος
1286 1920 1438 1971 αὐτοῖς,
1483 1924 1558 1966 ubi
1587 1932 1712 1966 recte
1751 1922 2043 1967 Schneiderus
2077 1939 2135 1966 ex
2164 1922 2271 1966 Cod.
2299 1924 2416 1979 Lips.

262 1992 423 2034 Par-iss
450 2006 531 2033 sex
556 1991 722 2045 recepit
749 1989 992 2042 ἐμφυσιῢσαι
1019 2005 1099 2044 pro
1125 1991 1310 2050 ἐμφΰσαι.
1339 1989 1455 2045 quod
1484 2004 1539 2033 ex
1568 1988 1761 2034 Stobaeo
1789 1992 1953 2046 recepit
1979 1990 2176 2034 Zeunius.
2245 1991 2417 2048 Signifi-

264 2068 336 2101 cat
371 2065 554 2111 ἐμφνσι
569 2055 651 2099 οἷἰν
687 2056 732 2101 h.
768 2057 797 2100 l.
835 2058 1117 2115 ingenerare,
1155 2057 1198 2099 in
1222 2050 1423 2100 'naturam
1457 2064 1501 2099 et
1527 2056 1717 2100 indolem
1759 2065 2024 2101 convertere.
2081 2056 2290 2101 Doricum
2318 2072 2418 2102 esse

261 2126 522 2170 vocabulum
550 2125 679 2168 docet
703 2126 800 2182 ejus
827 2139 935 2169 usus
961 2126 1004 2168 in
1032 2123 1405 2183 Pythagoreorum
1432 2122 1561 2176 locis,
1600 2139 1786 2179 quorum
1814 2126 1900 2169 duo
1927 2126 2208 2183 potissimum
2226 2124 2418 2169 Charon-

264 2195 347 2236 dae
375 2194 461 2237 huc
488 2192 638 2237 valent
665 2192 782 2247 apud
811 2192 1048 2237 Stobaeum
1065 2195 1133 2234 44.
1154 2206 1196 2247 p.
1216 2195 1310 2235 192.
1340 2199 1384 2234 et
1402 2195 1470 2240 44.
1489 2205 1530 2246 p.
1551 2194 1644 2235 195.
1673 2193 1732 2235 ab
1760 2191 1923 2236 Haasio
1942 2191 2059 2235 allati
2088 2193 2131 2234 in
2161 2193 2247 2235 ind.
2265 2207 2307 2247 p.
2322 2196 2418 2234 δῶ.

373 2258 635 2303 Laconicam
683 2273 837 2303 vocem
885 2277 943 2301 συ
955 2257 1148 2312 μβολεῦ
1156 2277 1228 2300 ειν
1266 2259 1578 2315 significantem
1616 2261 1887 2311 συμβόλους-νῖν
1929 2255 2050 2306 εῖναι,
2089 2257 2281 2301 sodalem
2319 2264 2432 2301 esse·

263 2338 428 2367 coenae
455 2325 712 2376 collaticiae,
751 2327 1027 2369 restituerunt
1054 2334 1175 2369 recte
1202 2323 1476 2381 Xenophonti
1503 2325 1545 2366 in
1572 2337 1665 2380 rep.
1694 2325 1799 2369 Lac.
1831 2329 1872 2378 2,
1901 2328 1942 2368 5.
1974 2324 2254 2368 recentissimi
2285 2324 2417 2367 edito·

264 2405 349 2433 res.
407 2390 582 2446 Aliquid
611 2393 997 2436 commendationis
1023 2391 1156 2435 habet
1181 2393 1239 2435 ab
1274 2391 1516 2447 Epicharmi
1547 2389 1790 2448 fragmento
1826 2395 1894 2435 71.
1932 2391 2021 2445 (ed.
2052 2390 2262 2445 Abrens.)
2301 2392 2417 2446 apud

265 2458 420 2499 Athen.
451 2456 525 2498 IX.
554 2472 595 2512 p.
623 2462 726 2501 374.
750 2459 799 2501 E.
826 2459 953 2501 ταῧτα
982 2459 1028 2509 δή
1059 2477 1108 2510 με
1137 2457 1546 2510 συμβολατεύειν
1578 2456 1765 2509 ἔφασοῖς
1790 2458 2004 2510 Ἀχαιοῖσιν
2023 2455 2258 2514 προδιδόμεν
2275 2457 2307 2498 τ’
2336 2459 2418 2509 αἷμ-

263 2524 325 2565 νυέ
357 2543 407 2575 με
435 2525 502 2565 τδν
530 2524 725 2576 δέλφακα.
793 2527 938 2573 Quum
965 2529 1009 2569 in
1032 2541 1123 2582 rep.
1151 2525 1255 2569 Lac.
1284 2530 1326 2577 4,
1356 2515 1420 2577 4.,
1455 2525 1529 2568 ubi
1564 2525 1620 2567 de
1649 2527 1838 2580 equitum
1865 2524 2036 2568 delectu
2065 2526 2231 2580 agitur,
2273 2528 2421 2580 optimi

264 2591 361 2633 libri
397 2591 585 2634 habeant
625 2595 658 2633 οῗ
696 2586 759 2634 οὖν
798 2594 853 2644 μή
874 2593 1130 2646 τυγχάνοντες
1168 2592 1241 2635 τῧν
1280 2593 1407 2634 καλῧν
1434 2589 1648 2644 πολεμοῧσι
1676 2599 1754 2640 τοῖς
1791 2593 1847 2645 μὴ
1869 2593 2151 2634 dunen-enxenia
2186 2590 2322 2639 αὖτούς
2352 2598 2422 2635 καὶ

263 2665 339 2704 τοῖς
370 2661 574 2713 αἱρεθεῖσιν
600 2659 684 2700 ἐνθ’
713 2657 849 2708 αὖτὲν.
878 2676 965 2705 non
984 2670 1103 2705 tanta
1122 2662 1310 2704 debebat
1327 2673 1426 2703 esse
1447 2660 1753 2702 recentioribus
1781 2659 2016 2702 editoribus
2037 2659 2215 2702 Stobaei
2234 2662 2422 2703 auctori-

263 2736 356 2777 tas,
391 2733 437 2767 ut
477 2728 530 2777 μή
566 2729 818 2772 omitterent.
889 2728 1020 2772 Solus
1052 2728 1238 2773 Haasius
1264 2727 1446 2783 recepit,
1483 2733 1599 2769 recte
1636 2726 1680 2768 in
1704 2725 1788 2768 ind.
1826 2740 1869 2782 p.
1907 2728 1993 2770 290
2020 2741 2087 2783 sq.
2117 2727 2421 2783 interpretatus

265 2792 616 2836 ἀποστέλλειν
653 2794 708 2839 de
735 2797 811 2850 iis,
850 2797 921 2854 qui
950 2797 1083 2840 creati
1118 2804 1161 2841 et
1186 2795 1378 2839 instructi
1407 2793 1590 2851 equitum
1619 2792 1827 2851 dignitate
1860 2792 2138 2837 dimittuntur.
2197 2793 2421 2851 Proprium

264 2860 396 2903 fuisse
424 2860 540 2902 hunc
567 2874 693 2905 usum
725 2863 1041 2919 Spartanorum
1082 2877 1170 2906 non
1198 2864 1291 2905 sine
1317 2863 1407 2904 veri
1436 2860 1577 2917 specie
1604 2860 1719 2902 idem
1745 2861 1813 2903 vir
1840 2860 1995 2903 doctus
2024 2863 2223 2918 conjecit.
2282 2862 2420 2909 Quem

266 2928 411 2970 citavit
446 2925 607 2970 Teletis
645 2929 762 2984 apud
798 2930 1035 2974 Stobaeum
1071 2934 1140 2974 40.
1177 2944 1219 2985 p.
1255 2931 1351 2972 233.
1389 2927 1531 2970 locum
1559 2927 1615 2969 dc
1643 2926 2001 2971 Lacedaemoniis
2039 2926 2341 2969 ἐπιστέλλουσιν
2371 2932 2421 2975 εἰς

266 2995 351 3041 τούς
379 2998 560 3040 Εἵλωτας.
588 2995 820 3037 videndum
848 3006 915 3040 est
942 3012 999 3040 ne
1026 2999 1062 3040 is
1091 2997 1355 3039 contrarium
1381 2995 1546 3050 probet.
1577 3019 1625 3024 —

381 3059 576 3118 Φρονριὲ
604 3062 722 3114 apud
756 3062 1125 3108 Lacedaemonios
1154 3064 1392 3106 exercitum
1419 3060 1629 3118 significat
1657 3068 1700 3104 et
1734 3061 1965 3120 φρουρεῖν
1992 3063 2197 3113 φαίνειν
2234 3062 2422 3105 Palmer.

269 3128 326 3170 ad
355 3128 485 3171 Arist.
514 3127 647 3181 vesp.
677 3131 772 3172 870.
803 3130 977 3183 phrasin
1009 3132 1250 3176 laconicam
1280 3139 1398 3174 recte
1426 3128 1683 3185 appellavit,
1718 3143 1847 3184 quam
1873 3130 2036 3172 rectius
2072 3128 2305 3184 explicavit
2331 3129 2424 3171 mo-

1964 3200 1983 3238 l
1999 3197 2018 3215 1(
