2623 3802
1128 113 1264 185 ’118
1297 113 1529 186 1981*

230 263 427 311 querunt,
460 255 574 311 quod
603 254 703 298 libri
734 253 896 295 habent
923 252 966 295 in
994 251 1130 310 Ages.
1161 257 1202 305 1,
1228 255 1296 296 22.
1325 255 1509 303 τειχέων.
1547 263 1807 308 quamquam
1835 251 1976 294 Anah.
2006 251 2050 303 1,
2081 255 2124 303 4,
2155 255 2195 295 4.
2226 261 2292 295 est
2318 271 2402 294 w-

228 321 325 372 χδν.
386 316 628 365 Atticorum
655 325 881 374 poetarum
911 319 1110 375 exempla
1138 327 1238 362 sunt
1278 317 1420 358 ἐνθέων
1458 317 1592 374 Soph.
1629 315 1699 359 El.
1725 320 1824 359 896.
1863 316 1978 374 ὀρέων
2003 317 2106 361 Eur.
2137 318 2276 361 Bach.
2305 322 2404 361 718.

229 392 370 440 βελέων
397 391 528 433 Arist.
558 387 694 440 Vesp.
722 388 820 427 613.
865 411 919 417 -
948 387 995 429 Si
1024 387 1135 429 fides
1163 385 1368 427 habenda
1397 392 1464 426 est
1495 384 1790 442 grammaticis
1817 388 1972 436 πηχέων
1998 384 2071 428 vel
2097 385 2259 439 πήχεων
2295 388 2402 429 seri·

231 460 414 501 bendum
443 458 523 499 erit
551 454 694 494 Anah.
725 451 800 503 IV,
830 457 870 504 7,
902 458 969 496 16.
1005 453 1101 495 vid.
1121 452 1229 495 Lob.
1260 451 1419 509 Phryn.
1449 467 1492 507 p.
1522 456 1618 496 245.
1651 479 1700 484 -
1735 448 1809 500 οἶες
1836 460 1881 495 et
1909 449 2001 504 βὸες
2029 462 2148 496 recte
2168 454 2396 497 ediderunt

231 526 370 568 Anah.
404 523 487 572 lV,
517 523 560 571 5,
591 521 659 561 25.
702 520 773 562 ubi
802 519 889 562 vid.
917 518 1123 562 Bornem.
1153 518 1229 571 IV,
1258 523 1299 571 7,
1332 523 1398 562 1-1.
1439 522 1482 570 8,
1510 522 1577 562 24.
1605 522 1674 563 25.
1716 518 1812 571 VII,
1850 522 1894 570 8,
1929 521 1998 562 48.
2038 517 2195 576 Cyrop.
2224 521 2259 572 1,
2287 527 2331 574 4,
2359 524 2398 564 7.

228 589 301 643 1V,
334 593 372 641 1,
400 591 439 631 9.
470 592 620 630 contra
649 598 795 630 accus
827 582 876 633 οἷς
906 582 1067 643 Cyrop.
1098 585 1153 639 V,
1183 587 1224 638 2,
1253 588 1294 630 5.
1318 594 1362 630 et
1394 584 1483 639 βοῦς
1511 585 1652 631 Anah.
1681 585 1753 639 111,
1781 588 1825 639 5,
1856 589 1897 630 9.
1928 607 1982 617 --
2006 584 2078 630 De
2101 589 2397 632 contractione

226 657 537 717 adjectivorum
565 669 663 698 cum
691 653 772 702 νοῦς
800 653 1135 708 compositorum
1162 653 1247 695 vid.
1278 653 1479 696 Bornem.
1509 652 1568 695 ad
1597 651 1751 711 Cyrop.
1777 653 1889 706 vlu,
1921 656 1962 705 2,
1996 656 2034 695 1.
2073 651 2276 712 Dindori.
2295 656 2397 698 ibid.

226 734 269 766 et
295 724 351 765 ad
379 721 545 763 Hellen.
576 723 635 772 ll,
668 727 692 763 1
709 751 721 771 ,
764 724 803 761 2.
856 720 1022 775 Saupp.
1066 722 1121 762 ad
1151 722 1287 776 Ages.
1330 726 1396 771 11,
1426 725 1466 763 5.
1516 720 1692 763 Schuetz
1720 723 1778 762 ad
1807 721 1941 777 Greg.
1972 720 2074 762 Cor.
2107 736 2151 775 p.
2179 724 2277 762 486.
2321 723 2400 763 Lo·

227 790 354 833 beck.
394 787 554 843 Phryn.
596 805 638 844 p.
675 791 769 831 142.
809 789 880 842 qui
922 801 978 829 ex
1006 788 1139 844 Ages.
1178 787 1206 829 l.
1235 787 1264 829 1.
1295 789 1446 831 nescio
1475 788 1694 844 quomodo
1734 784 1806 828 τιῖν
1836 787 2049 845 xpo-ymber
2086 789 2245 832 citavit.
2304 787 2399 829 Non

225 863 343 900 recte
370 854 469 899 fecit
499 856 850 905 BornemannuS,
894 856 1010 909 quod
1043 856 1182 898 Anah.
1213 854 1269 906 V,
1300 858 1342 906 7,
1372 858 1412 899 7.
1443 868 1499 898 ex
1527 868 1615 898 uno
1643 854 1757 898 libro
1785 855 1957 910 scripsit
1984 854 2100 897 πλόοι
2114 887 2129 903 ,
2162 856 2400 912 genitivum

226 921 352 965 πλόων
382 924 491 966 bene
519 921 711 966 defendit
744 920 907 977 Saupp.
936 923 993 964 ad
1022 936 1156 978 remp.
1186 921 1346 966 Athen.
1374 927 1412 975 l,
1442 925 1514 965 2ο.
1554 922 1627 965 ubi
1653 919 1738 964 alia
1767 935 1945 978 quoque
1968 922 2026 965 ad
2053 921 2168 966 hanc
2195 937 2290 966 rem
2319 924 2399 965 uti-

227 989 288 1032 lia
318 989 467 1033 attulit.
526 990 673 1032 Ionica
699 988 838 1038 tonna
865 987 1022 1046 χρύσεα
1051 1002 1158 1031 usus
1185 998 1253 1031 est
1280 988 1528 1046 Xenophon
1549 988 1684 1045 Ages-
1712 990 1755 1039 5,
1783 990 1825 1031 5.
1854 990 1930 1032 nbi
1947 988 2270 1047 Baumgartenii
2296 1004 2398 1033 eon·

216 1056 431 1113 jecturam
453 1060 599 1114 χρυσία
628 1053 816 1098 refutare
844 1056 1001 1098 studui.
1059 1054 1129 1097 De
1158 1054 1298 1113 σιδηρᾶ
1329 1065 1371 1098 et
1398 1056 1554 1114 σιδηρέη
1581 1056 1667 1098 vid.
1692 1054 1899 1097 Bornem.
1930 1056 1989 1099 ad
2018 1055 2118 1114 Cyr.
2146 1055 2223 1107 Vl,
2255 1060 2295 1106 l,
2324 1059 2394 1099 36.

225 1123 365 1165 Anah.
415 1123 455 1172 Ι,
493 1126 547 1173 6,
590 1127 627 1164 1.
667 1123 710 1163 in
742 1124 939 1180 margine
978 1122 1146 1165 Villois.
1186 1126 1302 1174 ἴχνεα
1338 1124 1541 1167 adnotari
1568 1135 1938 1166 commemorasse
1971 1125 2077 1166 satis
2114 1131 2195 1165 est.
2237 1144 2286 1153 -ο
2329 1121 2399 1162 De

221 1190 368 1232 formis
397 1190 546 1241 διπήχη
574 1198 617 1231 et
643 1189 828 1246 τριπήχη.
857 1204 970 1245 quae
996 1192 1089 1232 sine
1118 1192 1327 1233 varietate
1355 1191 1497 1232 Anah.
1525 1190 1602 1240 lV,
1631 1192 1675 1240 2,
1703 1192 1771 1230 28.
1800 1188 2020 1245 leguntur,
2048 1179 2135 1233 bid.
2166 1190 2320 1245 Poppo
2339 1191 2396 1230 ad

222 1256 380 1314 Cyrop.
421 1256 481 1298 Vl
496 1287 510 1306 ‚
551 1261 570 1298 1
589 1287 601 1307 ,
645 1260 714 1299 30.
753 1259 823 1299 ubi
857 1256 1161 1299 nonnullorum
1188 1258 1387 1299 codicum
1414 1258 1671 1311 scripturam
1701 1254 1851 1306 διπήχη
1892 1258 2102 1299 immerito
2137 1257 2394 1312 repudiavit,

221 1339 351 1379 quam
379 1331 497 1367 recte
525 1325 659 1366 tuitus
693 1332 761 1367 est
788 1324 1133 1368 Bornemannus.
1190 1324 1239 1367 ln
1268 1324 1572 1378 comparativis
1601 1324 1646 1365 in
1675 1340 1737 1362 ιιιν
1767 1319 1977 1372 fomatiS,
2005 1323 2050 1365 in
2082 1325 2237 1378 quibus
2264 1324 2395 1367 modo

220 1392 504 1434 intermittitur
530 1392 660 1433 modo
690 1391 924 1436 admittitur
950 1390 1185 1434 contractio
1234 1398 1403 1447 quanta
1431 1391 1488 1433 sit
1521 1389 1703 1432 libertas
1734 1390 1943 1445 cognosci
1980 1397 2124 1445 potest
2158 1404 2214 1432 ex
2249 1404 2393 1434 exem-

133 1490 137 1493 ,
220 1456 303 1513 plis
327 1471 441 1515 quae
470 1457 615 1501 attulit
642 1457 806 1515 Saupp.
832 1458 890 1502 ad
919 1456 1055 1501 Conv.
1085 1460 1128 1509 5,
1157 1460 1198 1500 5.
1227 1454 1294 1499 Cf.
1321 1456 1523 1501 Bornem.
1556 1456 1615 1500 ad
1643 1454 1744 1515 Cyr.
1774 1455 1806 1508 l,
1834 1460 1877 1509 6,
1917 1459 1984 1500 26.
2013 1459 2056 1509 5,
2086 1459 2127 1499 8.
2148 1455 2224 1510 1111,
2252 1460 2296 1509 3,
2322 1458 2392 1500 51.

220 1525 348 1568 Mem.
381 1525 458 1575 ΙΙΙ,
498 1530 549 1577 3,
591 1529 633 1567 5.
694 1525 908 1582 Exempla
938 1518 1245 1567 contractionis
1273 1525 1542 1568 intermissae
1577 1526 1620 1567 in
1656 1525 1803 1566 verbis
1832 1524 2058 1581 bisyllabis
2086 1526 2129 1566 in
2168 1541 2243 1579 equ.
2280 1538 2392 1581 quae

220 1593 335 1647 apud
363 1593 697 1648 Xenophontem
726 1594 937 1648 praebent
965 1594 1100 1633 verba
1127 1591 1200 1631 δέω
1228 1599 1271 1633 et
1297 1595 1400 1632 πλέοι
1413 1624 1423 1640 ,
1464 1591 1749 1635 defenderunt
1776 1590 1999 1633 Schaefer.
2030 1593 2088 1634 ad
2120 1591 2255 1647 Greg.
2286 1590 2386 1634 Cor.

220 1675 264 1713 p.
290 1662 386 1702 431.
426 1659 585 1701 Buttm.
620 1672 684 1714 gr.
714 1659 766 1709 ll,
802 1662 840 1700 1.
877 1674 919 1713 p.
954 1660 1056 1707 1⁰8,
1097 1659 1282 1701 restituit
1309 1659 1585 1713 Xenophonti
1610 1657 1863 1713 Kruegerus
1891 1659 1949 1701 ad
1976 1660 2118 1701 Anah.
2147 1658 2244 1709 VII,
2275 1662 2317 1708 4,
2346 1662 2387 1699 8.

220 1726 384 1768 intacta
412 1725 675 1782 reliquerunt
703 1725 790 1776 alii,
818 1726 1098 1780 repudiarunt
1126 1732 1280 1767 contra
1306 1724 1639 1768 Bornemannus
1667 1725 1725 1766 ad
1751 1724 1893 1767 Anab-
1926 1725 1957 1767 l.
1984 1724 2029 1776 l.‚
2075 1724 2383 1773 Schneiderus,

218 1793 299 1832 sibi
320 1793 401 1845 ipsi
421 1806 507 1833 non
524 1800 745 1841 constanS,
764 1790 963 1833 Dindorf.
988 1791 1045 1832 ad
1064 1790 1204 1832 Anab.
1224 1791 1318 1842 vu,
1337 1795 1380 1841 7,
1408 1795 1496 1842 31.,
1522 1790 1595 1833 ahi
1614 1792 1876 1832 assentiente
1895 1790 2116 1833 Lobeckio
2136 1791 2194 1834 ad
2219 1789 2380 1846 Phryn.

217 1873 259 1913 p.
288 1861 373 1901 226
396 1871 461 1913 sq.
528 1845 877 1913 ctt‘interpretes
906 1858 963 1901 ad
992 1855 1187 1913 singulos
1212 1856 1350 1909 locos,
1392 1859 1547 1915 quibus
1573 1858 1743 1901 ionicae
1769 1855 1935 1901 formae
1961 1866 2075 1901 sunt.
2109 1908 2112 1917 ἔ
2133 1858 2292 1900 δέεσθαι
2319 1855 2380 1899 le-

219 1925 332 1980 gitur
358 1923 489 1968 Mem.
521 1924 552 1978 l,
582 1928 624 1977 6,
655 1928 721 1968 1⁰.
741 1923 802 1977 ll,
833 1927 874 1976 l,
902 1927 971 1967 30.
999 1926 1042 1975 8,
1074 1927 1110 1966 l.
1156 1922 1299 1967 Anah.
1329 1923 1423 1977 Vll,
1452 1927 1493 1977 7,
1523 1927 1594 1968 31.
1619 1923 1845 1983 προςδέετσιι
1871 1922 2001 1967 Mem.
2030 1923 2101 1978 ΠΙ,
2122 1928 2166 1977 6,
2196 1926 2263 1968 18.
2294 1923 2381 1966 δέε-

218 2010 280 2033 ται
309 1990 438 2035 Mem.
466 1992 535 2044 ΙΙΙ,
564 1997 607 2043 6,
639 1995 705 2035 14.
733 1991 875 2034 Anab.
898 1990 992 2044 Vll,
1019 1995 1061 2043 4,
1089 1995 1130 2033 8.
1161 1991 1416 2051 προςδέεσθοιι
1444 1991 1571 2034 Mem.
1601 1991 1677 2044 W,
1705 1996 1749 2044 8,
1780 1992 2002 2035 Πυὲδεέτο
2029 1990 2140 2035 Hell.
2168 1991 2244 2044 VI,
2275 1995 2314 2044 1,
2342 1996 2382 2033 6.

218 2065 359 2101 πλέετε
388 2059 530 2102 Anah.
561 2059 655 2111 Vll,
683 2063 726 2110 6,
752 2061 821 2101 37.
856 2057 995 2100 ἔπλεεν
1024 2057 1192 2101 Hellen.
1221 2059 1295 2111 Vl,
1325 2062 1365 2110 2,
1391 2063 1462 2102 27.
1518 2058 1584 2101 Ex
1613 2061 1873 2103 auctoritate
1901 2059 2104 2102 librorum
2128 2060 2247 2102 litem
2268 2074 2380 2102 com-

217 2129 461 2182 ponendam
489 2142 610 2178 esse,
647 2128 720 2184 qui
747 2125 894 2181 paullo
931 2127 1115 2182 iniquius
1151 2127 1207 2169 de
1235 2128 1419 2171 dictione
1444 2126 1765 2182 Xenophontea
1801 2131 1987 2171 sentiunt
2025 2142 2194 2171 mecum
2232 2129 2378 2170 existi—

219 2196 410 2238 mabunt.
467 2194 626 2238 Similis
655 2196 764 2237 ratio
798 2202 866 2237 est
888 2196 1012 2237 verbi
1040 2194 1242 2251 λούεσθαι.
1273 2196 1398 2252 cnjus
1422 2193 1591 2238 solutae
1618 2193 1786 2238 somnae
1812 2204 1912 2239 sunt
1939 2197 1983 2238 in
2002 2194 2159 2252 Cyrop.
2178 2194 2212 2245 1,
2237 2196 2280 2245 8,
2311 2198 2377 2236 11.

218 2261 386 2309 λούεται.
414 2264 487 2307 ubi
515 2263 600 2305 vid.
630 2262 796 2317 poppo,
817 2261 892 2312 IV,
920 2264 963 2312 5,
992 2265 1032 2304 4.
1062 2261 1249 2310 ἐλοῦοντο.
1278 2264 1354 2306 ubi
1377 2263 1461 2305 vid.
1489 2261 1692 2306 Schneid.
1737 2263 1975 2319 Utramque
2002 2261 2185 2305 formam
2213 2260 2375 2304 delevit

219 2328 477 2374 DindorfiuS.
534 2329 748 2385 Participii
775 2328 919 2371 soluta
945 2327 1085 2372 forma
1110 2337 1180 2372 est
1216 2329 1345 2372 Mem.
1375 2329 1454 2381 111,
1496 2332 1573 2380 13,
1610 2333 1651 2372 3.
1691 2329 1858 2372 Hellen.
1888 2329 1979 2380 Vll,
2009 2332 2050 2380 2,
2079 2331 2148 2371 22.
2176 2330 2250 2371 ubi
2280 2343 2379 2372 eam

219 2397 387 2438 retinuit
415 2398 543 2438 etiam
571 2395 770 2438 Dindorf.
810 2394 877 2437 Cf.
906 2395 1099 2438 Lobeck.
1128 2395 1287 2453 Phryn.
1316 2412 1358 2452 p.
1389 2399 1482 2438 189.

330 2462 574 2519 Supersunt
610 2471 757 2516 autem
800 2461 888 2505 alia
915 2476 1087 2519 quoque
1117 2462 1399 2506 lonismorum
1427 2462 1543 2518 apud
1575 2461 1907 2518 Xenophontem
1934 2462 2129 2519 vestigia.
2188 2461 2379 2505 lonicam

218 2531 349 2573 dativi
375 2528 553 2586 pluralis
575 2528 758 2572 formam
785 2529 828 2572 in
857 2546 946 2576 οισι.
972 2528 1308 2586 frequentiorem
1332 2530 1447 2586 apud
1465 2529 1727 2572 Arrhianum
1753 2537 1795 2572 et
1814 2528 2052 2580 Platonem,
2082 2530 2206 2586 cnjus
2234 2542 2381 2572 exem-

217 2596 293 2653 pla
320 2598 447 2640 etiam
484 2601 528 2640 in
569 2596 690 2641 libris
718 2596 1044 2652 Xenophonteis
1081 2598 1376 2649 inveniuntur,
1414 2611 1441 2640 a
1469 2595 1758 2652 Xenophonte
1797 2596 2062 2654 abjudicavit
2090 2596 2294 2640 Bornem.
2322 2598 2382 2640 ad

217 2665 359 2707 Anab.
387 2663 420 2714 1,
448 2667 490 2714 4,
522 2667 588 2705 18.
618 2663 778 2721 Cyrop.
808 2663 841 2714 1,
871 2666 910 2714 1,
943 2666 984 2705 2.
1014 2663 1108 2715 vn,
1138 2668 1178 2717 1,
1209 2668 1275 2708 10.
1333 2664 1381 2707 ln
1411 2664 1671 2709 contrariam
1702 2665 1957 2707 sententiam
1985 2664 2089 2706 abiit
2117 2663 2382 2708 Sohaeferus

217 2731 274 2773 ad
302 2729 530 2772 Demosth.
560 2731 722 2786 Appar.
751 2731 802 2782 Π,
830 2745 872 2786 p.
903 2734 994 2773 135.
1026 2731 1210 2788 Gregor.
1242 2731 1343 2774 Cor.
1371 2745 1413 2787 p.
1441 2733 1538 2774 375.
1567 2744 1634 2787 sq.
1660 2733 1759 2773 897.
1817 2730 1963 2772 Probo
1991 2729 2278 2788 Kruegerum,
2307 2734 2378 2787 qui

216 2805 259 2838 et
283 2798 423 2839 Anah.
447 2796 480 2847 1,
510 2801 552 2848 4,
585 2802 651 2840 18.
675 2802 849 2841 πλοίοισι
869 2800 1064 2850 restituit,
1098 2806 1140 2841 et
1163 2799 1240 2850 VI,
1269 2803 1312 2850 4,
1340 2802 1411 2842 33.
1439 2800 1512 2841 ubi
1531 2806 1735 2853 corrupta
1764 2807 1831 2840 est
1849 2796 1981 2840 lectio
1999 2797 2215 2840 ἑκάστοισι.
2243 2799 2378 2840 Athe-

216 2865 313 2906 naei
339 2862 544 2906 infirmior
574 2872 641 2907 est
667 2867 902 2910 auctoritas
915 2898 931 2918 ,
966 2878 1098 2922 quam
1124 2873 1171 2907 ut
1197 2866 1382 2909 eandem
1408 2863 1593 2908 formam
1621 2879 1809 2923 reponas
1841 2864 1991 2922 Symp.
2021 2867 2062 2916 2,
2093 2867 2161 2907 26.
2221 2863 2379 2923 Singu-

216 2929 320 2973 laris
346 2929 487 2975 forma
513 2932 654 2975 ionica
681 2940 826 2976 exstat
852 2935 896 2978 in
922 2934 1063 2977 Anah.
1086 2931 1164 2984 IV,
1191 2936 1235 2985 8,
1250 2936 1306 2976 -5,
1334 2930 1656 2986 imru-elxam«.
1686 2934 1760 2978 ubi
1790 2931 1874 2976 vid.
1894 2923 2099 2975 Bornem.
2140 2930 2211 2975 De
2238 2931 2380 2977 foma

213 2996 415 3049 Ἀθηναίων
442 3013 572 3056 quam
598 3010 886 3056 reposuerunt
913 3001 1053 3045 Anah.
1083 2999 1176 3054 Vn,
1205 3004 1250 3053 3,
1273 3005 1342 3044 39.
1371 3001 1458 3060 yid.
1483 2998 1698 3059 Krueger.
1731 3001 1790 3044 ad
1816 2999 1845 3043 l.
1874 2997 1904 3041 l.
1932 3000 1989 3042 de
2018 2998 2209 3043 authent.
2237 2999 2376 3045 Anah.

220 3079 261 3122 p.
286 3068 357 3108 33.
400 3067 571 3111 Porson
596 3067 652 3110 ad
685 3066 714 3110 l.
742 3066 771 3110 1.
802 3067 981 3114 Schaef.
1012 3067 1143 3126 Greg.
1182 3065 1284 3111 Cor.
1314 3082 1356 3125 p.
1394 3069 1492 3111 394.
1550 3067 1825 3113 Homericam
1851 3066 2035 3113 formam
2062 3068 2306 3129 παραιβάτας
2331 3069 2375 3110 in
