2623 3802
1114 194 1486 266 *⁸84*

224 345 301 373 rus
327 333 370 373 in
399 332 484 373 ind.
513 329 569 371 ad
595 326 763 369 Hellen.
791 340 828 368 s.
851 342 891 368 v.
921 317 1089 384 φρουροί,
1110 330 1187 371 ubi
1218 331 1403 371 citantur
1429 328 1632 382 exempla
1658 326 1989 382 Xenophontea.
2048 328 2116 371 Cf.
2139 330 2280 373 Sturz.
2298 329 2383 371 lex.

225 396 339 440 Xen.
367 395 437 437 lv.
463 409 504 448 p.
533 394 630 435 429.
667 390 906 436 Hermann.
935 395 1069 450 antiq.
1096 408 1162 451 gr.
1191 397 1260 446 45,
1288 398 1328 438 3.
1384 393 1584 446 Mueller.
1611 393 1719 437 Dor.
1740 394 1792 446 ΙΙ,
1822 396 1916 437 122.
1972 392 2044 436 De
2070 394 2384 449 significatione

226 459 422 508 vocabuli
450 459 740 518 ἔμφρουρος
768 460 812 503 in
839 473 932 516 rep.
961 460 1066 505 Lac.
1096 463 1140 513 5,
1168 465 1211 506 7.
1249 462 1334 506 vid.
1363 461 1558 507 Mueller.
1587 460 1694 505 Dor.
1733 461 1787 514 11,
1818 477 1859 519 p.
1899 463 1995 506 232.
2051 459 2385 507 Lacedaemonii

226 543 354 587 quum
381 540 521 572 annos
552 525 624 581 ἐφ’
652 524 742 581 ἥβης
769 535 1060 581 numerarent,
1101 530 1252 575 brevis
1279 539 1346 575 est
1372 531 1416 574 in
1444 543 1494 574 re
1520 529 1691 574 militari
1717 526 1878 574 locutio
1907 529 2106 573 laconica
2140 529 2204 569 τοὶ
2241 529 2383 577 δέκα.

222 599 282 638 τοὶ
309 596 725 642 πεντεκαίδεκα.
762 595 826 637 τοὶ
852 593 1154 652 τριοίκοντα,
1192 599 1254 640 τοὶ
1280 602 1433 640 πέντε
1463 601 1550 639 καὶ
1577 594 1869 655 τριάκοντα,
1904 597 1967 639 τοὶ
1993 593 2386 653 τετταράκοντα

223 661 301 715 ἐφ’
337 660 475 714 ἥβης
520 660 588 707 Cf.
613 662 701 706 lex.
737 661 847 704 Xen.
887 661 950 714 11,
987 677 1031 718 p.
1069 668 1167 707 463.
1238 664 1498 721 Plerumque
1521 666 1564 707 in
1591 664 1677 708 hac
1703 663 1920 706 locutione
1947 670 2185 718 peccarunt
2210 661 2386 714 librarii,

220 743 407 787 quorum
433 742 605 773 errores
632 729 819 772 correxit
845 726 1044 773 Dindorf.
1072 732 1130 774 ad
1157 730 1328 775 Hellen.
1358 731 1422 784 ll,
1451 735 1495 783 4,
1521 733 1589 775 32.
1645 728 1715 774 De
1741 731 1877 773 verbo
1907 734 2241 789 συστρέφειν,
2269 729 2386 785 quod

221 798 426 839 usitatum
454 795 591 838 fuisse
619 796 790 838 videtur
816 797 987 842 tacticis
1011 796 1222 842 laconicis
1248 798 1333 841 vid.
1363 797 1482 840 Haas
1508 798 1565 840 ad
1592 810 1727 852 remp.
1755 796 1861 840 Lac.
1887 795 2006 847 xlv,
2033 801 2074 839 6.
2103 812 2144 852 p.
2173 799 2292 846 278„
2330 796 2385 836 de

222 862 438 908 vocabulo
467 861 643 920 οἷραιός
672 863 717 906 in
745 862 832 905 ind.
862 878 904 919 p.
935 865 1062 916 292,
1087 866 1143 907 de
1171 865 1306 908 verbo
1336 869 1531 922 κρίνειν
1557 862 1770 921 singulari
1795 863 1926 907 modo
1953 862 2068 906 dicto
2096 863 2197 906 adn.
2225 863 2282 905 ad
2307 861 2384 912 xl,

226 935 268 974 4.
295 946 336 986 p.
368 932 460 971 199.
518 929 876 987 παρεγγύησιν
906 930 1217 989 Spartanorum
1245 929 1478 985 explicavit
1504 931 1563 973 ad
1585 930 1663 981 XI,
1693 933 1735 972 5.
1763 944 1806 984 p.
1834 932 1930 972 m
1972 929 2020 971 In
2048 927 2217 975 Hellen.
2245 929 2321 979 IV,
2342 932 2383 979 4,

224 1001 288 1040 17.
327 997 429 1037 ὅστε
467 998 501 1037 οἱ
539 999 607 1049 μέν
639 996 944 1048 Λακεδαιμόνιοι
976 1001 1044 1037 καὶ
1074 994 1334 1037 ἐπισκώπτειν
1360 995 1527 1048 ἐτόλμων
1555 994 1602 1044 οἷς
1641 998 1675 1037 οἱ
1704 995 1910 1049 σύμμαχοι
1939 999 2125 1048 φοβοῖντο
2157 998 2249 1044 τούς
2286 1003 2385 1037 πελ-

220 1054 364 1111 ταστοίς
398 1061 569 1121 ἅσπερ
607 1063 860 1122 μορμόνας
897 1061 1145 1119 παιδάρια
1188 1073 1383 1106 extrema
1419 1065 1556 1106 verba
1605 1061 1797 1105 efficiunt
1832 1061 2095 1106 locutionem
2130 1062 2385 1106 laconicam.

222 1131 288 1176 Cf.
316 1130 516 1173 Mueller.
544 1128 654 1172 Do'r.
681 1130 734 1183 11,
764 1145 805 1187 p.
829 1133 926 1172 244.
2362 1166 2365 1169 ⁴

331 1197 379 1238 In
405 1195 639 1239 schematis
666 1197 946 1254 gymnasticis
973 1198 1305 1254 praepositionis
1344 1195 1442 1237 οἷπό
1480 1210 1606 1238 usum
1644 1196 1962 1252 Spartanorum
2000 1197 2221 1252 proprium
2252 1194 2386 1238 fuisse

222 1272 410 1308 statuere
443 1262 558 1307 licet.
614 1262 747 1307 Unde
784 1263 1050 1320 explicanda
1076 1272 1144 1308 est
1170 1263 1330 1308 locutio
1368 1262 1450 1306 οἷπό
1479 1281 1522 1305 τε
1551 1261 1626 1306 τὸν
1656 1261 1808 1305 σκελιῖν
1836 1266 1907 1304 καὶ
1936 1262 2017 1304 ἀπὸ
2044 1261 2173 1323 χεριῗὶν
2207 1267 2277 1305 καὶ
2304 1261 2388 1303 ἀπὸ

218 1331 416 1389 τραχήλου
442 1330 702 1384 γυμνάζονται
730 1332 775 1372 in
803 1344 895 1385 rep.
923 1331 1030 1372 Lac.
1058 1334 1100 1382 5,
1128 1336 1169 1373 9.
1199 1332 1254 1373 de
1283 1344 1369 1387 qua
1396 1333 1596 1386 exposuit
1607 1327 1748 1373 Haas.
1767 1330 1813 1370 in
1831 1330 1933 1372 adn.
1963 1328 2029 1372 Cf.
2050 1329 2248 1372 Mueller.
2278 1329 2384 1371 Dor.

219 1401 270 1451 ΙΙ,
298 1415 341 1454 Ρ.
368 1403 466 1442 369.
524 1398 623 1439 Huc
649 1396 795 1440 refero
823 1399 951 1440 etiam
981 1412 1080 1439 cum
1106 1398 1271 1442 Haasio
1298 1399 1385 1441 ind.
1414 1415 1458 1453 p.
1485 1402 1582 1441 294.
1612 1397 1899 1454 οἷναθορεῖν.
1943 1397 2014 1440 De
2042 1396 2268 1440 vocabulis
2306 1404 2383 1436 λι-

219 1464 400 1524 παρός,
429 1461 778 1512 ὖπολύεσθαι,
809 1461 1020 1521 &esaeiae
1040 1462 1136 1509 'huc
1162 1464 1472 1520 pertinentibus
1505 1464 1593 1510 vid.
1619 1463 1751 1509 Haas-
1780 1476 1823 1508 ln
1848 1463 1948 1508 edit.

330 1532 431 1575 Non
457 1531 560 1583 licet
586 1530 783 1573 dubitare
811 1530 868 1572 de
896 1530 1083 1574 dialecto
1107 1532 1153 1574 in
1180 1531 1232 1573 iis
1260 1529 1509 1584 vocabulis,
1546 1531 1591 1573 in
1618 1531 1775 1587 quibus
1801 1531 1972 1573 retinuit
1998 1529 2244 1587 Xenophon
2272 1531 2383 1573 dori-

224 1597 327 1643 cam‘
348 1596 669 1650 formationem,
704 1611 817 1653 quae
845 1600 968 1640 brevi
997 1598 1280 1654 explicatione
1308 1597 1524 1639 illustrata
1551 1597 1624 1639 hic
1647 1597 1819 1639 addam.
1875 1596 2104 1640 Vocabula
2134 1598 2383 1650 λοχαγός,

224 1665 462 1724 οὐραγός,
491 1663 730 1717 ξεναγός,
759 1665 1113 1717 Ἑλλανοδίκης
1142 1666 1366 1708 nominare
1393 1663 1567 1718 sufficit,
1596 1679 1726 1719 quum
1755 1665 1813 1707 ad
1841 1663 2031 1721 reliquos
2059 1679 2232 1721 quoque
2251 1664 2386 1708 Grae·

217 1746 297 1776 cos
323 1733 581 1775 transierint.
648 1730 836 1774 Omnino
874 1740 992 1776 recte
1023 1733 1325 1777 animadvertit
1358 1731 1553 1775 Lobeck.
1592 1731 1651 1774 ad
1687 1730 1848 1788 Phryn.
1876 1746 1919 1787 p.
1957 1735 2055 1775 436.
2094 1733 2281 1775 maxime
2309 1748 2384 1776 vo-

217 1796 376 1842 cabula
402 1798 587 1850 musica,
624 1797 911 1854 palaestrica,
946 1798 1158 1850 militaria,
1185 1812 1368 1855 quarum
1397 1811 1541 1841 rerum
1569 1798 1750 1841 scientia
1777 1798 1895 1854 apud
1916 1796 2156 1842 Dorienses
2183 1798 2380 1850 florebat,

214 1864 362 1909 dorice
387 1863 584 1909 colorata
611 1877 727 1908 esse.

327 1931 575 1974 Laconicae
594 1932 774 1988 originis
792 1923 858 1972 est
882 1945 966 1974 vox
996 1932 1022 1972 οἳ
1030 1949 1086 1983 γη
1101 1949 1167 1984 μοι
1194 1933 1237 1973 in
1265 1945 1355 1986 rep.
1380 1930 1484 1972 Lac.
1506 1933 1574 1980 ll,
1603 1934 1643 1971 9.
1675 1933 1742 1981 13,
1760 1934 1801 1972 6.
1822 1931 1895 1972 ubi
1922 1931 2008 1972 vid.
2029 1930 2162 1973 Haas.
2182 1933 2230 1971 τὸ
2250 1930 2383 1983 ἔγημα

217 2006 285 2041 est
311 1998 424 2040 idem
451 1999 569 2054 quod
596 1999 641 2040 in
669 1998 813 2040 Anab.
839 1998 886 2039 ll.
915 2003 957 2050 4,
986 2003 1052 2043 26.
1083 2001 1130 2041 τό
1161 1995 1371 2051 ἡγούμενον
1400 1994 1469 2038 τοῧ
1491 1995 1795 2055 στρατεύματος.
1852 1996 1926 2037 Vl.
1946 2000 1989 2048 3,
2024 2000 2089 2039 12.
2119 2002 2293 2055 παριέναι
2321 2003 2387 2056 ἐπὶ,

216 2066 265 2107 τὲ
294 2062 512 2117 ἡγούμενον.
571 2064 782 2108 Neutrum
810 2073 877 2107 est
906 2067 1031 2109 etiam
1057 2068 1100 2109 in
1128 2064 1319 2109 formula
1340 2063 1492 2107 ἕπεσθε
1525 2063 1578 2106 va·
1607 2064 1800 2119 ἡγουμένῳ
1835 2062 1978 2107 Anah.
2001 2063 2051 2105 Π.
2082 2068 2124 2117 2,
2147 2069 2189 2108 4.
2218 2064 2313 2118 VII,
2340 2070 2382 2117 3,

216 2139 258 2177 6.
289 2141 334 2177 et
360 2132 587 2175 ἀκολουθεῖν
614 2132 668 2190 τῷ
691 2132 887 2189 ἡγουμένῳ
922 2132 1088 2177 Hellen.
1120 2132 1195 2186 lv,
1226 2136 1268 2186 2,
1300 2137 1366 2176 19.
1424 2132 1574 2177 Liceat
1601 2131 1687 2176 hoc
1716 2131 1817 2175 loco
1847 2138 2084 2176 retractare
2112 2134 2382 2184 sententiam,

217 2214 350 2257 quam
379 2201 586 2256 proposui
613 2200 669 2244 de
695 2199 796 2244 loco
823 2200 957 2257 Ages.
987 2201 1019 2254 1,
1045 2204 1116 2245 33.
1144 2201 1189 2244 in
1212 2200 1409 2245 editione.
1467 2198 1578 2253 Qum
1606 2198 1831 2242 Dindorfio
1861 2198 2179 2245 Schneiderum
2207 2209 2383 2245 secutus

216 2267 374 2323 scripsi
402 2271 437 2309 εἰ
464 2268 505 2309 δέ
533 2285 628 2315 τινες
657 2267 726 2319 τήν
751 2262 886 2308 Ἀσίαν
917 2268 1054 2310 ἑαυτῧν
1083 2265 1296 2314 ποιοῧνται,
1336 2268 1429 2325 πρδς
1458 2267 1543 2314 τούς
1562 2265 1847 2324 ἑλευθεροῧντας
1867 2266 2169 2325 διακρινομένους
2187 2274 2222 2308 ἐν
2251 2267 2381 2314 ὅπλοις

216 2340 392 2391 παρεῖναι
418 2335 614 2377 restituto
643 2347 700 2377 ex
727 2333 849 2377 libris
876 2336 1098 2390 participio
1128 2336 1450 2391 διακρινομένους,
1490 2333 1607 2388 quod
1634 2332 1696 2375 illl
1723 2335 1767 2376 in
1796 2335 2120 2391 διακρινουμένους
2147 2348 2235 2376 non
2264 2344 2383 2376 reete

216 2407 449 2444 mutarunt.
519 2399 703 2444 Videtur
738 2407 885 2443 autem
923 2399 1129 2445 librorum
1167 2402 1401 2456 scriptura,
1442 2413 1572 2456 quam
1607 2413 1664 2441 ex
1693 2399 2032 2456 Guelferbytano
2062 2402 2192 2444 etiam
2218 2403 2381 2450 notavi,

215 2467 311 2523 πρὸς
339 2468 386 2507 ro*
413 2467 632 2524 ἐλευθεροῦν
660 2467 747 2514 τούς
776 2467 1078 2524 διακρινομένους
1116 2468 1289 2511 retineri
1326 2479 1485 2523 posse,
1526 2474 1571 2508 ut
1608 2467 1654 2506 τδ
1681 2465 2129 2524 excusseovuneutrum
2168 2469 2380 2522 participii

214 2542 315 2575 esse
333 2536 585 2593 *statuamus
650 2532 806 2576 Invitat
840 2534 970 2590 igitur
997 2533 1255 2591 AgesilauS‚
1294 2533 1367 2588 qui
1395 2533 1548 2575 Asiam
1575 2546 1701 2576 suam
1728 2534 1968 2586 vindicent,
2007 2540 2053 2576 ut
2081 2533 2294 2576 accedant
2324 2533 2379 2575 ad

215 2600 275 2651 id,
304 2599 422 2656 quod
449 2597 693 2642 libertatem
719 2597 831 2643 ferat
857 2601 923 2653 iis,
963 2602 1035 2657 qui
1061 2602 1102 2644 in
1132 2596 1377 2644 discrimine
1403 2607 1645 2643 versentur.
1709 2599 1913 2658 Intelligit
1940 2608 2085 2645 autem
2114 2598 2383 2643 Graecorum

215 2667 451 2709 exercitum
487 2677 624 2724 seque
650 2666 793 2723 ipsum
820 2668 918 2726 eJus
944 2667 1101 2711 ducem
1126 2673 1173 2712 ut
1210 2666 1343 2710 Asiae
1374 2666 1642 2710 liberatores.
1707 2667 1801 2711 Nec
1838 2680 1945 2710 vero
1973 2667 2142 2710 videtur
2170 2668 2378 2710 recedere

215 2732 331 2776 haec
359 2733 527 2777 dicendi
553 2735 665 2776 ratio
695 2735 751 2777 ab
773 2747 857 2778 usu
879 2734 1165 2787 Graecorum,
1195 2735 1322 2791 cujus
1341 2732 1541 2789 exempla
1573 2733 1705 2777 multa
1724 2747 1779 2776 ex
1797 2734 2049 2791 Thucydide
2076 2734 2216 2777 attulit
2233 2734 2383 2789 Poppo

214 2802 260 2843 in
289 2800 357 2842 ed.
386 2801 484 2842 min.
524 2801 582 2842 ad
610 2801 663 2851 11,
690 2804 760 2843 45.
830 2800 889 2843 Ut
915 2802 1092 2845 redeam
1120 2803 1179 2845 ad
1207 2801 1365 2853 ἄγημα,
1402 2801 1569 2844 ducitur
1596 2816 1624 2845 ε,
1652 2802 1849 2845 laconico
1878 2803 2013 2844 verbo
2041 2800 2225 2852 οἷγεῖσθαι
2257 2802 2381 2857 eujus

215 2868 403 2922 vestigia
431 2868 577 2909 omnia
613 2880 729 2910 nunc
767 2867 911 2909 deleta
948 2876 1071 2919 sunt,
1110 2879 1159 2912 ut
1194 2881 1283 2910 non
1311 2876 1520 2923 appareat
1548 2871 1629 2911 nisi
1656 2871 1700 2911 in
1727 2870 1970 2912 nominibus
1998 2870 2195 2924 propriis.
2252 2868 2382 2922 Apud

214 2932 550 2990 Xenophontem
577 2931 783 2990 leguntur
797 2929 924 2985 ““A-fae,
954 2932 1192 2986 Ἀγησίλαος,
1215 2932 1469 2992 Ἀγησίπολις,
1486 2933 1796 2992 Ἀγησίστρατος.
1827 2933 1890 2977 Cf.
1910 2932 2109 2977 Mueller.
2134 2932 2242 2976 Dor.
2264 2932 2313 2983 ll,
2338 2948 2377 2989 p.

214 3001 313 3041 525.
355 3002 426 3055 qui
456 3014 512 3042 ex
540 2999 762 3056 Aristoph.
795 2999 974 3057 Lysistr.
1004 3016 1043 3043 v.
1076 3006 1196 3045 1314.
1231 2999 1370 3054 ‹iffi-xa
1396 3002 1551 3054 attulit,
1580 3002 1698 3058 quod
1727 3001 1849 3045 libris
1878 3002 2062 3044 ducibus
2090 2999 2254 3056 expulit
2276 2999 2379 3042 Din-

215 3064 393 3109 dorfius.
420 3066 520 3110 Vid.
548 3066 736 3110 Ahrens.
766 3067 822 3110 de
850 3066 950 3112 dial.
978 3067 1069 3111 dor.
1098 3084 1141 3125 p.
1169 3072 1238 3113 38.
1277 3068 1406 3125 Apud
1435 3068 1559 3112 Pind.
1580 3066 1704 3125 Pyth.
1734 3068 1768 3120 Ι,
1797 3071 1853 3119 4.,
1883 3068 1999 3125 quod
2026 3067 2256 3125 legebatur
2283 3066 2378 3118 α’γη-

212 3129 387 3191 σιχόρυν
417 3134 660 3200 emendavit
688 3134 904 3194 Bergkius
934 3134 1192 3196 ἁγησιχόρων.
1238 3135 1393 3182 Dictus
1427 3143 1493 3180 est
1521 3149 1548 3179 a
1582 3136 1716 3179 verbo
1744 3134 1930 3189 οἷγεῑσθαι
1949 3135 2067 3192 apud
2090 3134 2380 3179 Lacedaemo-
