2623 3802
1144 153 1514 227 ffl⁷ffl

247 308 361 338 mam
390 311 450 351 πρ
463 294 739 343 οςέπαιξεν.
799 289 1123 335 Eruditissimus
1158 300 1304 335 autem
1331 291 1602 343 Lobeckius,
1641 291 1758 347 quod
1786 292 1979 335 neutrius
2022 292 2108 335 loci
2145 292 2406 334 mentionem

245 362 348 406 fecit
373 362 430 404 ad
457 361 616 419 Phryn.
641 374 685 415 p.
712 359 808 399 24⁰.
839 355 975 404 παῖξαι
1002 361 1160 416 Δωριεῖς
1190 358 1259 399 διαὶ
1284 355 1352 400 τοῧ
1381 357 1419 406 ξ,
1451 357 1472 400 ὅ
1500 358 1613 402 δὲἊ
1580 358 1744 406 Amata<
1771 363 1845 399 παῖ
1846 374 1927 405 m.
1962 371 2232 416 magnopere
2260 358 2409 401 miror.

247 430 437 474 Tertium
464 427 661 488 ejusdem
683 422 873 467 Dorismi
900 424 1150 481 exemplum
1176 432 1244 467 est
1269 426 1315 467 in
1342 422 1503 482 Cyrop.
1531 427 1563 478 1,
1591 430 1635 479 3,
1678 429 1746 470 14.
1784 426 1858 468 ubi
1885 424 2214 470 Bornemannus
2243 440 2301 470 ex
2329 441 2407 482 op·

247 499 358 541 timis
380 498 501 541 libris
529 489 938 549 συμπαέκτοροις
949 492 1136 547 scripsit.
1166 489 1232 533 Cf·
1264 490 1460 535 Lobeck·
1487 492 1518 535 l.
1546 494 1575 536 l.
1627 492 1815 536 Dativus
1846 490 2039 545 μαγάδι
2076 493 2406 547 Anab.V11‚3,

246 569 313 608 32.
342 573 409 608 est
434 562 622 605 doricus
651 557 750 601 Vid.
779 559 833 602 de
856 558 943 603 hac
971 558 1261 601 declinatione
1278 546 1467 602 Ahreus.
1493 558 1522 601 1.
1549 560 1580 602 l.
1608 575 1652 616 p.
1680 564 1778 605 231.
1804 573 1902 617 sqq.
1961 558 2148 602 Omnino
2167 569 2310 602 autem
2330 574 2408 603 no-

245 645 344 675 men
370 629 476 674 illud
504 626 563 670 ad
592 624 829 669 Dorienses
855 624 1013 668 resero
1070 623 1168 667 Vid.
1188 624 1245 667 de
1272 624 1358 668 hoc
1385 627 1667 670 instrumento
1693 628 1861 670 musico
1887 628 2064 683 interpr.
2083 626 2142 668 ad
2159 625 2300 668 Anah.
2325 626 2356 669 l.
2376 626 2406 668 1.

247 700 385 742 Stura.
413 694 498 737 lex.
526 693 636 736 Xen.
665 706 701 735 s.
722 707 765 735 v.
823 690 1232 736 Commemoratur
1220 706 1265 737 m
1291 692 1517 738 Alcmanis
1542 691 1771 750 fragment.
1799 698 1868 737 81.
1897 693 2080 750 (Athen.
2102 692 2224 744 XIV,
2250 707 2293 748 p.
2311 696 2406 735 636.

244 767 313 820 F.)
341 762 510 816 μάγαδιν
535 760 805 803 δ’ἐποθέσθαι.
837 758 983 807 Quum
1003 757 1172 802 formae
1199 758 1346 812 λαγωός
1374 761 1461 804 duo
1483 761 1757 804 inveniantur
1773 761 1889 816 apud
1908 760 2245 817 Xenophontem
2267 773 2409 802 exem-

244 834 334 888 pla,
364 828 531 886 Cyneg.
563 833 631 881 1⁰,
659 831 699 871 2.
729 823 888 879 lave-3⁹
915 834 959 868 et
992 824 1152 884 Cyrop.
1180 827 1215 879 1,
1243 831 1288 880 6,
1314 831 1383 871 4⁰.
1411 828 1456 871 in
1482 827 1737 872 melioribus
1763 827 1886 872 libris
1911 833 2070 880 λαγωοί.
2098 840 2211 885 quas
2241 825 2409 869 formas

244 912 330 941 non
370 911 469 941 esse
499 893 794 940 sollicitandas
826 901 945 937 recte
976 892 1142 937 censuit
1169 894 1227 938 ad
1253 895 1443 952 prlorem
1468 893 1614 940 locum
1643 895 1863 953 Sauppius
1877 926 1890 946 ‚
1930 895 2115 939 laudans
2142 894 2411 938 Borneman-

244 980 347 1008 num
384 966 440 1007 ad
470 964 629 1022 Cyrop.
666 961 697 1004 1.
717 961 783 1013 -l.,
819 962 956 1017 possit
986 961 1142 1018 aliquis
1168 961 1254 1005 huc
1282 963 1454 1007 trahere
1476 963 1624 1021 Cyriui
1650 963 1738 1007 lex.
1774 964 1833 1006 ad
1858 963 2011 1006 Th0m.
2040 964 2214 1007 citatum
2241 977 2284 1018 p.
2314 965 2410 1005 564.

244 1033 291 1075 τὸ
318 1033 360 1073 δὲ
387 1032 534 1084 any-«34
561 1027 754 1072 Λακῶνοιν
781 1032 893 1073 ἐστίν.
922 1028 1013 1071 Sed
1039 1035 1205 1072 tantum
1232 1030 1359 1073 abest
1385 1039 1435 1073 ut
1461 1044 1561 1076 eum
1590 1031 1765 1075 Sturzio
1794 1031 1897 1075 dial.
1914 1030 2086 1075 Maced.
2106 1045 2149 1087 p.
2171 1032 2268 1073 178.
2293 1028 2414 1085 apud

249 1099 542 1155 Phrynichum
571 1099 634 1152 (p.
663 1098 759 1139 186.
788 1096 856 1138 ed.
884 1095 1013 1151 Lob.)
1042 1096 1127 1139 hoc
1154 1097 1465 1140 restituendum
1493 1099 1549 1141 sit
1574 1109 1665 1154 pro*
1692 1100 1740 1139 τὸ
1767 1099 1916 1151 λοι-γοδς
1944 1099 1988 1139 δὲ
2017 1094 2088 1139 οὐκ
2117 1096 2238 1143 ἔστιν,
2267 1104 2314 1139 ut
2342 1095 2414 1137 ille

244 1168 368 1211 loeus
394 1165 497 1209 hinc
525 1162 821 1209 emendandus
846 1164 901 1206 sit
927 1164 1115 1219 reposito
1144 1162 1216 1205 οὐκ
1243 1178 1324 1219 pro
1351 1162 1553 1206 Λακάνων.

356 1233 599 1287 Supersunt
624 1228 841 1273 vocabula
867 1228 1145 1273 Doriensium
1166 1230 1436 1284 potissimum
1462 1231 1653 1286 propria,
1680 1244 1793 1285 quae
1814 1244 1870 1272 ex
1890 1230 2205 1286 Spartanorum
2233 1243 2316 1272 usu
2345 1242 2412 1270 re·

245 1302 359 1355 cepit
386 1295 647 1353 Xenophon,
674 1309 937 1353 quamquam
964 1294 1049 1339 alio
1077 1296 1245 1339 dicendi
1272 1308 1434 1352 genere
1456 1297 1517 1339 uti
1541 1295 1673 1346 licuit.

356 1365 607 1409 Dorismum
633 1377 723 1408 non
749 1362 1055 1407 intellexerunt
1088 1363 1168 1406 viri
1196 1363 1314 1407 docti
1342 1364 1388 1407 in
1414 1364 1560 1407 verbis
1589 1361 1793 1407 Cleandri
1820 1363 2085 1414 harmostae,
2118 1376 2229 1420 quae
2258 1362 2413 1418 legun-

244 1443 313 1477 tur
335 1433 480 1476 Anah.
507 1430 604 1484 Vll,
633 1435 674 1484 1,
701 1434 743 1474 8.
765 1435 850 1473 ἐπεὶ
879 1433 948 1471 καὶ
976 1428 1038 1472 νῧν
1066 1434 1160 1479 τινὲς
1189 1428 1258 1483 ἤδη
1280 1447 1328 1473 σε
1357 1431 1549 1480 attactum
1573 1428 1634 1473 ὅτι
1660 1428 1705 1473 οὗ
1731 1431 1845 1483 *xxxv*
1870 1428 2074 1489 ἐξέρπει
2102 1431 2150 1474 τδ
2179 1428 2404 1488 στράτευμα

246 1514 358 1557 quae
385 1497 733 1543 Hutehinsonum
760 1498 897 1542 secuti
924 1498 1279 1555 interpretantur:
1306 1499 1524 1542 exercitus
1550 1511 1640 1541 non
1668 1497 1882 1551 celeriter,
1912 1498 1993 1541 sed
2014 1500 2140 1555 quasi
2166 1497 2413 1553 rependo

245 1569 371 1610 exit.
431 1566 657 1623 Significat
682 1573 827 1609 autem
854 1564 983 1624 ἕρπειν
1013 1565 1161 1608 dorice
1184 1565 1479 1618 incedere,
1510 1566 1614 1619 ire,
1653 1574 1701 1610 ut
1728 1565 1771 1608 h.
1798 1565 1828 1608 1.
1857 1565 2024 1625 ἐξέρπειν
2050 1568 2164 1609 idem
2192 1567 2259 1617 sit,
2291 1564 2410 1621 quod

243 1632 541 1691 ἐκπορεύεσθαι.
597 1631 858 1690 Hesychium
894 1647 930 1675 s.
959 1649 999 1675 v.
1027 1630 1244 1690 ἓξερπετεΐν
1275 1649 1286 1659 ·
1310 1632 1447 1681 ἐξεῖναι
1476 1633 1762 1677 emendarunt
1787 1635 1867 1677 viri
1895 1635 2011 1678 docti
2038 1633 2210 1692 ἐξέρπειν
2240 1643 2251 1657 “
2280 1631 2410 1679 ἐξιέναι

245 1712 287 1744 et
323 1701 440 1758 quod
484 1700 639 1743 deinde
674 1703 865 1757 sequitur
896 1699 1019 1758 ἑξέρον
1049 1716 1059 1725 ·
1083 1699 1351 1758 ἐξεπορεύοντο
1386 1710 1595 1746 mutatum
1633 1701 1769 1745 voluit
1797 1700 2148 1746 Hemsterhusius
2178 1703 2219 1743 in
2253 1699 2412 1756 ἐξέρπον

245 1784 324 1825 pro
361 1769 557 1826 ἑξεῖρπον,
594 1768 784 1820 addens,
824 1767 955 1827 ἕρπειν
983 1776 1027 1811 et
1055 1767 1225 1826 ἑρπύξειν
1253 1771 1512 1825 praesertim
1539 1783 1663 1813 more
1688 1768 1859 1814 Dorum
1886 1769 1991 1813 nihil
2019 1768 2136 1813 aliud
2164 1767 2409 1826 significare

245 1851 375 1893 quam
404 1834 654 1893 πορεύεσθαι,
682 1836 866 1890 βαδίζειν.
922 1835 1100 1892 Legitur
1125 1837 1186 1879 ita
1213 1835 1381 1894 ἐξέρπειν
1407 1837 1522 1893 apud
1564 1835 1695 1893 Diog.
1724 1836 1869 1880 Laert.
1899 1837 1930 1889 l,
1958 1839 2025 1881 73.
2056 1837 2098 1879 in
2127 1836 2277 1878 dorica
2305 1832 2405 1876 Chi·
2445 1850 2457 1867 0

245 1905 355 1946 lonis
379 1903 576 1960 epistola,
603 1907 835 1952 ἐπιστέλλεις
862 1908 941 1956 ἐμὶν
970 1905 1195 1961 ἐκστρατίαν
1223 1907 1285 1945 ἐπὶ
1313 1903 1484 1958 ἐκδάμως
1513 1907 1581 1947 καὶ
1610 1903 1657 1954 οἷς
1685 1902 1795 1964 ου’τᾷς
1823 1904 1985 1964 ἐξέρποις
2007 1911 2051 1947 et
2077 1902 2234 1947 ibidem
2255 1902 2287 1955 l,
2313 1904 2405 1945 113.

245 1977 289 2013 in
327 1972 509 2027 epistola
537 1970 799 2025 Epimenidis
835 1970 932 2029 ἕρπε
969 1978 1001 2016 ἐς
1040 1969 1189 2028 Κρήταν
1227 1971 1319 2011 ποθ’
1346 1972 1469 2023 οἶμμε.
1538 1971 1755 2015 Valcken.
1784 1973 1841 2015 ad
1877 1971 2063 2013 Theocr.
2091 1971 2234 2012 Adon.
2265 1969 2325 2020 11,
2365 1983 2407 2023 p.

246 2044 342 2083 245.
371 2054 436 2094 sq.
477 2040 604 2080 docte
633 2039 688 2079 de
713 2038 799 2080 hoc
829 2053 910 2080 usu
939 2039 1154 2088 disseruit,
1184 2052 1311 2093 quem
1339 2040 1538 2081 indicavit
1565 2041 1695 2081 etiam
1719 2042 1763 2081 in
1791 2042 1878 2082 ind.
1907 2040 1964 2080 ad
1992 2038 2136 2092 Eurip.
2166 2037 2339 2092 Hippoi.
2369 2049 2405 2076 s.

246 2125 285 2150 v.
305 2106 457 2165 ἕρπειν.
487 2105 658 2149 Addam
679 2106 773 2162 ejus
792 2104 1001 2161 exemplis
1017 2103 1215 2150 Alcman.
1243 2104 1398 2162 fragm.
1429 2111 1494 2149 ll.
1523 2106 1610 2159 (ed.
1637 2106 1824 2163 Bergk.)
1852 2107 1965 2165 ἕρπει
1986 2108 2062 2162 γοὲρ
2088 2104 2186 2146 οἶντοι
2214 2104 2267 2146 τὸ·
2297 2103 2409 2144 σιδοὶ-

248 2195 298 2233 ρω
325 2176 371 2217 τὰ
393 2171 518 2221 καλῶς
539 2173 776 2231 κιθαρίσδεν.
808 2173 1029 2229 Frequens
1049 2181 1115 2216 est
1138 2186 1246 2216 usus
1268 2172 1398 2230 hujus
1425 2174 1544 2216 verbi
1572 2174 1616 2216 in
1645 2175 1997 2231 inscriptionibus
2026 2174 2196 2215 doricis,
2241 2172 2287 2212 in
2313 2172 2407 2212 titu-

247 2243 291 2285 lo
313 2242 509 2285 Cretensi
537 2240 604 2294 (C.
636 2241 665 2282 1.
693 2242 838 2295 2556.)
871 2248 1023 2297 quater
1049 2240 1220 2297 legitur.
1276 2239 1439 2283 Eadem
1468 2241 1577 2284 ratio
1605 2249 1675 2284 est
1702 2241 1904 2286 vocabuli
1933 2240 2125 2299 ἑρπετιί
2137 2272 2147 2286 .
2177 2238 2294 2294 quod
2321 2251 2411 2279 non

247 2318 333 2351 tam
354 2311 585 2363 poeticum,
607 2321 737 2363 quam
758 2308 953 2352 doricum
973 2320 1074 2350 esse
1091 2307 1342 2362 putaverim.
1386 2306 1562 2364 Legitur
1580 2307 1698 2364 apud
1720 2307 2051 2365 Xenophontem
2080 2308 2120 2349 in
2140 2304 2270 2348 Mem.
2300 2305 2334 2355 1,
2368 2308 2410 2353 ⁴,

249 2380 314 2418 ll.
338 2374 477 2417 ἔπειτα
493 2381 571 2421 τοῖς
601 2379 669 2427 μὲν
688 2374 816 2422 οἶλλοις
842 2380 1015 2432 ἑρπετοῖς
1033 2372 1156 2420 udam:
1175 2372 1341 2420 ἔδωκαν.
1362 2375 1433 2417 ubi
1459 2374 1559 2417 licet
1577 2376 1708 2419 etiam
1728 2376 1868 2426 exiis,
1897 2389 2008 2432 quae
2036 2388 2132 2429 cap.
2158 2373 2209 2414 ῙΙ.
2241 2372 2296 2414 de
2325 2371 2412 2413 hoc

247 2441 345 2485 loeo
375 2439 509 2491 attuli,
538 2441 742 2494 vocabuli
770 2442 1098 2485 exeusationem
1126 2448 1337 2496 repetere.
1381 2440 1553 2499 Legitur
1580 2443 1624 2486 in
1653 2442 1879 2486 Alemanis
1903 2440 2145 2497 fragmento
2173 2439 2413 2495 pulcherri-

246 2511 304 2551 mi
329 2509 546 2558 carminis,
585 2522 672 2564 quo
701 2518 873 2550 noctem
903 2508 1118 2559 celebrat,
1161 2507 1242 2562 (fr.
1269 2513 1337 2552 44.
1368 2507 1441 2551 eds
1466 2508 1653 2565 Bergk.)
1691 2509 1826 2562 φύλλα
1853 2527 1896 2551 τε
1926 2509 2071 2566 ἑρπετοί
2104 2508 2248 2549 θ’ὅσσοι
2276 2512 2409 2563 τρέφει

249 2580 408 2626 μέλαιναι
433 2582 540 2626 γαῖα.
599 2574 725 2617 Adde
754 2575 875 2618 Pind.
906 2576 1076 2633 Olymp.
1104 2580 1146 2626 7,
1174 2579 1243 2618 52.
1285 2576 1410 2634 Pyth.
1440 2581 1477 2627 l,
1507 2578 1576 2618 25.
1605 2575 1730 2632 frgm.
1758 2580 1826 2620 73.
1869 2576 2052 2628 Theoer.
2085 2580 2152 2626 15,
2185 2579 2279 2618 118.
2342 2575 2410 2617 Cf.

249 2642 436 2685 Ahrens.
465 2643 518 2683 de
547 2642 647 2685 dial.
676 2644 770 2685 dor.
800 2658 840 2697 p.
868 2646 965 2689 5⁰5.

359 2708 506 2751 Siculo
534 2708 747 2753 vocabulo
778 2710 1028 2762 οἰγλευκές
1046 2742 1055 2757 .
1087 2711 1204 2766 quod
1233 2719 1276 2752 et
1303 2709 1520 2754 Laeonum
1549 2719 1617 2753 est
1643 2724 1698 2752 ex
1729 2713 1986 2755 auctoritate
2014 2711 2219 2768 Hesychii
2255 2726 2282 2754 a
2309 2709 2413 2754 val-

249 2777 478 2819 ckenaerio
499 2776 715 2819 emendati
730 2776 921 2836 οἷγλενκέρ
939 2795 948 2802 ·
971 2778 1079 2830 οἷηδές
1100 2780 1201 2834 (pro
1214 2777 1359 2834 αὐλός).
1390 2776 1581 2824 Λάκωνες.
1603 2778 1671 2821 bis
1686 2793 1814 2821 usum
1833 2793 1935 2822 esse
1949 2778 2283 2835 Xenophontem
2300 2778 2411 2820 affir-

248 2844 380 2886 mavit
400 2841 573 2894 suidas,
604 2845 729 2899 cujus
757 2844 871 2889 haec
897 2854 1000 2889 sunt
1017 2847 1176 2889 verba:
1203 2845 1388 2897 οἷγλευκὲς
1413 2846 1459 2887 τὸ
1487 2844 1595 2896 οἶηδές
1612 2843 1801 2898 Ξενοφῧν
1821 2849 1969 2905 εἴρηκεν
1996 2854 2032 2887 ἐν
2061 2843 2116 2901 τξῖ
2137 2845 2380 2899 Οἰκονομικῷ
2404 2873 2413 2882 .

248 2911 360 2953 δοκεῖ
396 2910 439 2951 δὲ
469 2908 619 2956 ξενικδν
648 2909 769 2965 ὄνομα
794 2913 1001 2956 Σικελικόν
1031 2928 1041 2939 ·
1085 2914 1187 2956 πολῦ
1211 2908 1302 2964 γοῖν
1330 2912 1415 2955 ε”στι
1443 2911 1557 2954 mim
1584 2914 1697 2971 παραὶ
1732 2913 1787 2970 τᾷ
1812 2914 1973 2957 Ῥίνθωνι
2005 2918 2074 2955 καὶ
2102 2912 2411 2973 α’γλευκέστερον

249 2976 333 3019 α’ντὶ
374 2976 441 3021 τοῧ
478 2977 708 3036 αἠδέστερον
736 2981 918 3034 Eme&
946 2982 1088 3040 Ἱέρωνι.
1149 2980 1297 3029 Quare
1324 2980 1535 3024 Kusterus
1562 2989 1610 3025 et
1637 2980 1774 3025 Orelli
1802 2981 1989 3038 append.
2027 2982 2086 3024 ad
2113 2995 2178 3024 or.
2207 2981 2344 3026 Isocr.
2370 2998 2411 3040 p.

247 3048 344 3088 461.
372 3047 415 3088 in
445 3045 609 3089 Oecon.
636 3049 681 3096 8,
707 3050 749 3088 3.
779 3061 859 3103 pro
887 3048 1061 3090 θεᾶσθαι
1082 3047 1244 3106 ἐτερπές
1271 3049 1423 3104 reponi
1447 3048 1679 3094 voluerunt
1700 3050 1901 3101 οἰγλευκές.
1930 3048 2048 3104 quod
2077 3049 2210 3093 etlam
2233 3049 2413 3093 Schnei-

249 3111 355 3155 dero
382 3112 503 3157 visus
539 3119 606 3157 est
633 3111 794 3157 Suidas
821 3112 908 3158 hoc
936 3115 1036 3160 loco
1062 3116 1105 3159 in
1134 3115 1243 3159 libro
1272 3127 1354 3159 suo
1387 3113 1563 3171 legisse.
1622 3116 1712 3161 Sed
1740 3130 1872 3173 quum
1909 3115 1955 3160 h.
1983 3116 2011 3160 l.
2041 3114 2165 3163 nulla
2198 3118 2254 3161 sit
2281 3117 2413 3171 scrip-
