2623 3802
1102 160 1478 234 *⁶*

206 308 344 364 δρεῖος,
373 300 632 356 πολεμιστής.
663 297 935 345 δυναταῖτοιτος.
995 297 1146 353 ltaque
1175 299 1302 340 etiam
1323 298 1441 354 quod
1470 297 1621 340 Persis
1647 296 1845 338 tribuitur
1871 296 1914 338 in
1945 296 2217 353 Cyropaedia
2246 302 2375 359 gladii

204 387 347 431 genus
372 370 472 414 salci
498 366 674 416 similis,
713 367 889 413 κοπίς,
927 364 1108 408 nonnuli
1150 366 1229 408 viri
1259 365 1377 407 docti
1403 364 1608 409 Persicae
1637 362 1818 419 originis
1845 376 1945 405 esse
1972 362 2212 410 voluerunt.
2268 371 2374 413 Mihi

206 444 372 485 constat
398 449 425 477 a
450 433 703 478 Laconibus
731 434 909 489 petitum
931 443 1056 484 esse,
1100 433 1258 489 quibus
1286 432 1458 475 etiamsi
1480 429 1565 475 alia
1591 430 1907 487 significatione
1933 429 2020 474 hoc
2047 434 2307 480 vocabulum
2331 442 2375 480 in

203 521 284 551 usu
312 510 392 553 est,
423 514 557 559 quum
596 505 712 550 κοπίς
750 501 803 544 iis
831 502 886 544 sit
924 501 1090 545 δεῖπνον.
1150 499 1216 543 Cf.
1246 498 1404 542 Athen.
1432 499 1507 542 lv.
1543 514 1586 555 p.
1618 500 1712 542 1:38.
1742 512 1838 555 sqq.
1894 497 2089 556 Utraque
2116 501 2374 556 significatio

203 570 400 616 ducenda
436 577 506 613 est
537 582 567 612 a
594 569 733 611 verbo
762 565 945 615 κόπτειν,
983 575 1031 611 ut
1059 567 1144 616 δαίς
1172 581 1199 611 a
1229 568 1372 614 δαίων,
1412 567 1617 618 dividere,
1647 565 1876 609 derivatur.
1934 565 2063 611 Unde
2092 565 2371 625 ἀρτοκόποι

200 639 301 682 dicti
329 645 433 680 sunt
460 637 506 678 in
541 635 684 679 Anah.
715 634 791 686 IV,
821 638 864 686 4,
893 637 962 676 21.
991 636 1065 678 ubi
1091 635 1177 678 vid.
1216 634 1445 685 Bomem„
1483 645 1599 694 quos
1624 645 1679 675 ex
1708 631 1998 688 Xenophonte
2026 637 2375 678 commemoravit

199 704 364 749 Pollux
390 707 435 755 7,
463 706 534 746 21.
563 699 629 745 cf.
651 699 848 744 Lobeck.
868 699 1035 759 Phryn.
1064 716 1107 758 p.
1134 704 1232 744 222.
1257 715 1323 758 sq.
1381 698 1523 743 Habet
1549 696 1795 755 Xenophon
1822 711 1901 742 eos
1929 701 2057 744 etiam
2084 704 2127 744 in
2155 701 2372 753 Hell.Vll,

201 778 242 823 l,
270 776 343 816 38.
401 770 563 814 Contra
590 766 758 812 fallitur
788 767 931 811 Sturz.
959 768 1047 811 lex.
1078 768 1190 811 Xen.
1218 782 1252 810 s.
1283 783 1325 810 v.
1355 765 1565 825 οἷρμοστῆς.
1601 770 1675 822 qui
1703 774 1850 822 putat,
1893 765 2006 808 Hell.
2035 767 2109 819 IV,
2138 773 2179 820 8,
2208 774 2277 812 39.
2306 774 2375 810 καὶ

203 839 521 891 Λακεδαιμονίων
549 834 593 877 δᾶ
619 832 697 878 τῧν
727 834 1037 886 συνεληλυθότων
1059 842 1102 878 ἐκ
1130 834 1205 877 τιῗῖν
1231 834 1382 877 πόλεων
1410 832 1659 892 &planede-v
1688 831 1930 877 laconicam
1956 831 2140 877 formam
2172 850 2271 879 esse
2301 838 2373 895 αἱρ-

208 905 370 963 μοστῆρ.
393 916 524 960 quum
554 903 701 958 potius
721 903 867 947 Attica
892 903 963 954 sit,
991 910 1039 945 ut
1065 901 1178 945 aliae
1199 902 1375 952 multae,
1403 901 1562 956 quibus
1575 899 1822 955 Xenophon
1849 899 2091 944 delectatus
2119 912 2200 945 est.
2237 904 2375 947 Flexu

207 975 367 1019 Dorico
391 970 592 1029 ἑρμοοταί
618 968 866 1015 dicerentur
891 968 1111 1027 εἱρμόκτοιι,
1152 977 1198 1011 ut
1226 968 1412 1012 ostendit
1439 965 1652 1010 Valcken.
1681 966 1740 1009 ad
1767 965 1953 1010 Theocr.
1983 967 2033 1017 ll.
2070 983 2113 1023 p.
2142 973 2238 1012 318.
2296 971 2377 1016 Ce-

206 1051 346 1086 terum
373 1041 502 1082 etiam
532 1052 588 1081 ex
618 1038 705 1082 hoc
732 1039 903 1081 nomine
933 1036 1226 1093 cognoscitur,
1255 1037 1358 1092 quid
1377 1035 1593 1078 senserint
1613 1032 1853 1076 Dorienses
1870 1034 1926 1076 de
1948 1035 2119 1078 civitate
2145 1044 2188 1079 et
2209 1038 2264 1080 «le
2288 1055 2378 1082 ma-

207 1107 472 1167 gistratibus,
501 1113 688 1162 quorum
712 1113 821 1156 erat,
850 1115 922 1146 res
940 1101 1139 1159 publicas
1156 1104 1199 1146 in
1219 1103 1414 1147 ordinem
1441 1102 1654 1158 redigere.
1689 1100 1877 1145 Ahrens.
1898 1102 1954 1144 de
1974 1102 2075 1146 dial.
2097 1103 2189 1146 dor.
2218 1118 2260 1160 p.
2283 1109 2377 1150 199.

207 1177 281 1219 ubi
309 1175 364 1216 de
394 1171 543 1221 σπολοίς
572 1181 616 1215 et
644 1172 787 1221 οτολοίς
815 1171 905 1228 egit
933 1184 1022 1212 non
1053 1171 1407 1213 commemoravit
1432 1170 1682 1212 varietatem
1711 1169 1964 1224 scripturae,
2008 1183 2122 1225 quae
2151 1180 2217 1214 est
2245 1173 2287 1215 in
2316 1173 2377 1216 lo-

209 1245 271 1284 cis
300 1242 468 1282 duobus
495 1240 612 1295 apud
639 1238 991 1294 Xenophontem.
1035 1238 1176 1280 Anab.
1206 1237 1277 1288 111,
1306 1242 1349 1288 3,
1378 1240 1447 1280 29.
1490 1242 1558 1276 καὶ
1589 1236 1776 1282 στολάδες
1805 1241 1874 1276 καὶ
1897 1236 2071 1293 θώρακες
2098 1238 2224 1286 αὐτοῖς
2250 1245 2376 1296 ἐπορί-

209 1313 371 1358 σθησαν.
432 1305 508 1357 IV,
538 1307 677 1362 1,.18.
716 1302 962 1354 ἀποθνήσκει
990 1303 1084 1360 ἀνὴρ
1111 1302 1259 1354 οἷγαθός
1288 1304 1512 1350 Λακωνικδς
1539 1301 1772 1355 Κλεῶνυμος.
1798 1300 1993 1350 veiensis&
2022 1304 2089 1344 διαὶ
2115 1303 2182 1354 τ’ἧς
2211 1305 2378 1353 ἀσπίδος

211 1380 276 1418 καὶ
317 1371 382 1425 τῆς
422 1370 616 1419 στολοίδος
652 1373 703 1420 εἰς
740 1371 810 1419 τοὶς
846 1369 1024 1429 πλευράς.
1092 1369 1224 1425 Apud
1253 1368 1394 1413 solum
1422 1369 1753 1426 Xenophontem
1787 1367 1816 1411 l.
1857 1369 1886 1412 l.
1925 1370 2081 1428 legitur
2118 1371 2379 1426 vocabulum

211 1440 379 1489 στολάς.
418 1441 547 1496 cujus
571 1437 675 1482 loco
702 1437 863 1481 Pollux
896 1440 939 1488 7,
976 1440 1043 1480 70.
1083 1435 1232 1484 σπολοές
1259 1436 1396 1481 affert.
1455 1437 1604 1484 σπολοές
1644 1438 1687 1478 δὲ
1713 1435 1843 1495 saga}
1871 1445 1915 1479 ἐκ
1944 1438 2128 1496 δέρματος
2158 1439 2264 1479 xxva?
2290 1441 2380 1487 τούς

212 1510 337 1562 nipe&
365 1505 653 1560 ἐφαπτόμενος,
683 1504 730 1553 οἷς
754 1502 936 1557 Ξενοφῧν
967 1503 1054 1555 ἔφη,
1085 1509 1154 1546 καὶ
1185 1506 1336 1552 σπολοῖς
1365 1504 1450 1546 civ-ri
1463 1503 1648 1562 Βάρακος.
1696 1504 1762 1547 Cf.
1788 1508 1829 1556 1,
1854 1509 1948 1548 135.
1979 1510 2045 1548 10.
2071 1509 2167 1549 143.
2191 1505 2381 1555 Hesvch.

212 1576 339 1619 Phot.
376 1590 419 1631 p.
447 1576 544 1617 531.
573 1572 641 1615 ed.
669 1570 857 1615 Porson.
916 1569 1042 1620 Quod
1069 1571 1114 1614 in
1142 1572 1285 1615 Anah.
1314 1571 1398 1623 IV,
1441 1575 1488 1624 1,
1529 1574 1594 1614 18.
1632 1572 1758 1615 codd.
1783 1570 1944 1615 Pariss.
1973 1571 2028 1615 D.
2060 1573 2106 1616 F.
2136 1573 2187 1616 H.
2218 1572 2380 1617 habent

213 1642 398 1691 πολοίδος,
428 1647 677 1696 corruptum
705 1647 775 1682 est
802 1647 983 1696 propter
1011 1639 1337 1682 antecedentem
1359 1652 1597 1682 consonam
1625 1652 1680 1682 ex
1710 1639 1918 1688 σπολοίδος.
1962 1641 2054 1684 Nec
2074 1641 2250 1685 dubium
2277 1641 2380 1685 mihi

213 1712 385 1769 quidem
413 1709 605 1759 videtur,
646 1707 750 1763 quin
777 1704 946 1750 formae
987 1706 1243 1754 σπολοίδες
1283 1714 1325 1749 et
1363 1706 1621 1755 σπολάδος
1659 1705 1937 1762 Xenophonti
1964 1710 2256 1753 restituendae
2283 1710 2381 1752 sint.

211 1778 432 1834 Aristoph.
462 1776 546 1818 Av.
574 1778 672 1819 933.
704 1775 758 1817 oz>
786 1773 916 1826 μέντοι
945 1774 1129 1818 σπολοίδοι
1160 1780 1228 1817 καὶ
1254 1773 1386 1827 χιτῶν’
1412 1773 1533 1827 ἔχεις.
1582 1774 1812 1817 Lacaenae
1828 1775 1871 1817 in
1890 1774 2110 1831 Aristoph.
2130 1776 2311 1833 Lysistr.
2340 1793 2382 1820 v.

211 1834 306 1890 273.
338 1844 524 1887 Ahrens.
557 1849 600 1885 et
627 1841 791 1899 Bergk.
829 1842 976 1890 σπολοίς
1005 1844 1294 1886 reddiderunt.
1343 1840 1415 1885 De
1441 1843 1658 1898 scriptura
1688 1842 1904 1892 μοισᾶός.
1936 1858 2065 1899 quam
2088 1843 2280 1900 plerique
2306 1845 2383 1887 ha-

209 1916 314 1956 bent
343 1914 387 1955 in
417 1912 556 1953 Anab.
588 1910 619 1960 1,
651 1914 694 1953 ⁴.
725 1913 790 1953 17.
822 1917 864 1953 et
893 1925 1022 1965 quam
1050 1909 1304 1954 Heraclides
1333 1908 1622 1952 Doriensibus
1651 1911 1795 1952 tribuit
1824 1912 1938 1965 apud
1968 1909 2165 1952 Eustath.
2195 1916 2291 1962 452,
2312 1916 2380 1954 29.

212 1981 299 2024 vid.
331 1977 515 2021 Ahrens.
544 1977 572 2020 l.
602 1976 631 2020 1.
663 1992 705 2032 p.
736 1980 805 2020 84.
836 1975 905 2021 cll.
935 1993 973 2032 p.
1006 1979 1106 2021 556.
1145 1976 1215 2020 De
1244 1974 1460 2020 vocabulo
1489 1975 1712 2033 πυῤῥίχη
1742 1976 1881 2019 Anab.
1913 1977 1986 2024 vl,
2021 1982 2057 2023 1,
2092 1981 2156 2019 12.
2186 1981 2269 2020 vid.
2290 1979 2383 2020 Ah-

215 2060 329 2090 rens.
360 2047 414 2089 de
443 2044 545 2088 dial.
575 2042 687 2089 aeol.
718 2058 760 2100 p.
791 2046 887 2088 216.
918 2044 986 2089 cll.
1017 2044 1151 2102 Greg.
1182 2043 1375 2089 Corinth.
1405 2058 1449 2100 p.
1480 2047 1575 2088 299.
1902 2102 1907 2106 ,

329 2114 488 2157 Omitto
526 2115 569 2155 in
609 2112 694 2156 hac
733 2113 991 2168 quaestione
1023 2113 1167 2156 omnia
1205 2111 1443 2164 vocabula,
1485 2112 1527 2154 in
1557 2112 1736 2168 quibus,
1776 2126 2040 2169 quamquam
2070 2111 2384 2167 Spartanorum

214 2183 393 2238 propria
421 2190 567 2232 erant,
608 2179 856 2235 Xenophon
884 2194 973 2223 non
1001 2182 1174 2224 retinuit
1202 2181 1396 2223 doricam
1423 2179 1746 2231 formationem,
1786 2181 1943 2236 quibus
1982 2178 2124 2222 multis
2153 2181 2195 2222 in
2225 2181 2385 2224 descri-

215 2250 369 2292 bendis
400 2248 719 2305 Spartanorum
750 2247 956 2291 institutis
983 2261 1087 2290 usus
1116 2255 1197 2290 est.
1254 2246 1397 2289 Unum
1424 2255 1589 2290 tantum
1618 2246 1787 2298 locum,
1825 2247 1959 2303 Ages.
1989 2247 2029 2298 1,
2069 2250 2108 2289 2.
2139 2246 2195 2288 ὅτι
2226 2247 2282 2289 ἔτι
2316 2254 2384 2290 καὶ

214 2317 276 2356 νῦν
306 2323 381 2362 τοῖς
410 2315 623 2373 προγόνοις,
653 2313 944 2368 ὀνομαζομένοις
974 2312 1344 2367 ἐπομνημονεῦετοιι,
1383 2313 1549 2361 ἇποστδς
1579 2314 1647 2366 ἐφ’
1675 2314 1904 2372 Ἡρακλέους
1931 2319 2102 2364 ἐγένετο,
2142 2330 2269 2370 quem
2290 2318 2382 2372 jam

214 2384 413 2434 tractavi,
448 2391 645 2438 repetere
665 2380 808 2425 liceat.
868 2381 1106 2425 permaneo
1136 2384 1181 2425 in
1210 2395 1264 2423 ea
1292 2379 1592 2436 explicatione,
1621 2396 1752 2437 quam
1779 2380 1933 2437 protuli
1961 2383 2004 2423 in
2033 2383 2231 2434 editione,
2254 2397 2391 2439 quam

213 2450 377 2493 clarius
406 2451 536 2492 etiam
566 2450 683 2492 dedit
706 2449 927 2503 Sauppius
964 2451 1163 2504 apposita
1191 2450 1442 2504 germanica
1473 2450 1695 2499 versione,
1740 2448 1878 2490 durch
1908 2447 2192 2491 namentliche
2220 2449 2385 2491 auffiih-

212 2531 327 2573 rung
367 2517 446 2559 der
473 2514 723 2560 vorfahren.
792 2514 982 2559 Afferam
1010 2524 1153 2561 autem
1183 2516 1504 2570 conjecturam,
1539 2531 1670 2571 quam
1710 2515 1766 2558 de
1798 2514 1882 2558 hoc
1910 2515 2008 2558 loco
2037 2515 2271 2572 aliquando
2299 2531 2386 2558 me-

216 2598 314 2627 cum
342 2584 678 2627 communicavit
705 2583 785 2634 vir,
815 2582 970 2627 harum
998 2583 1236 2626 litterarum
1267 2583 1375 2625 bene
1403 2596 1581 2639 gnarus,
1611 2595 1737 2638 quem
1765 2585 1950 2627 maxime
1978 2597 2176 2626 veneror.
2233 2583 2385 2626 Existi-

215 2657 304 2691 mat
331 2652 443 2693 enim
468 2651 557 2699 τούς
585 2648 795 2708 προγόνους
823 2651 1107 2706 patriciorum
1135 2652 1273 2693 instar
1296 2651 1459 2705 regiam
1487 2648 1690 2692 familiam
1715 2650 1975 2707 significare,
2004 2659 2131 2706 atque
2158 2660 2258 2707 post
2287 2651 2385 2692 ὅπο-

216 2715 307 2763 στός
336 2717 581 2761 addendum
609 2731 710 2760 esse
738 2735 806 2766 τις,
835 2725 882 2761 ut
909 2717 1022 2762 haec
1051 2719 1207 2760 existat
1240 2717 1476 2760 sententia:
1506 2717 1748 2764 etiamnunc
1776 2721 1808 2760 οἱ
1838 2717 2031 2775 πρόγονοι.
2062 2720 2135 2774 qui
2168 2719 2385 2768 dicuntur,

216 2792 480 2834 memorant,
519 2793 680 2840 quotus
711 2786 893 2840 quisque
932 2787 989 2827 ab
1018 2784 1208 2828 Hercule
1245 2785 1300 2826 sit
1338 2784 1452 2840 iique
1480 2798 1607 2841 reges
1645 2799 1733 2828 non
1761 2788 1927 2840 privati.
2000 2786 2213 2830 Patricius
2242 2794 2385 2830 autem

217 2854 347 2894 etiam
376 2850 614 2907 Agesilaus
647 2859 724 2893 est.
786 2849 1015 2897 Quomodo
1046 2854 1173 2908 igitur
1201 2852 1299 2907 quis
1328 2852 1669 2907 magnificentius
1698 2852 1961 2897 nobilitatem
2000 2856 2095 2911 ejus
2132 2854 2387 2909 praedicare

216 2918 385 2973 possit?
403 2942 459 2949 —
478 2918 519 2960 A
536 2919 732 2974 patriciis
754 2917 1073 2973 Spartanorum
1089 2918 1224 2962 redeo
1249 2920 1306 2962 ad
1331 2921 1506 2964 doricae
1535 2919 1706 2964 dialecti
1736 2922 1929 2978 vestigia,
1960 2935 2072 2979 quae
2097 2920 2166 2963 vel
2195 2922 2239 2962 in
2267 2918 2386 2961 flexi-

217 2988 300 3028 bus
326 2987 642 3043 conjugationis
669 2986 956 3029 inveniuntur.
1024 2984 1186 3030 Dorica
1213 2985 1344 3030 futuri
1382 2987 1522 3031 forma
1555 2986 1865 3035 παιξοῗινται
1904 2988 2061 3046 legitur
2094 2990 2137 3030 in
2169 2988 2318 3043 Symp.
2342 2992 2385 3038 9,

215 3056 257 3094 2.
287 3054 359 3094 ubi
388 3061 504 3096 recte
532 3054 587 3097 de
624 3067 679 3097 ea
697 3054 911 3110 judicavit
938 3052 1283 3100 BornemannuS.
1341 3056 1493 3113 Neque
1522 3056 1814 3099 contradicam
1831 3087 1845 3108 ,
1886 3057 1958 3113 qui
1985 3056 2229 3112 reposuerit
2258 3055 2387 3097 etiam

214 3123 258 3162 in
285 3119 416 3163 Mem.
446 3120 516 3169 111,
556 3124 596 3171 1,
626 3124 666 3162 4.
704 3133 760 3162 ex
790 3119 891 3163 Ald.
922 3120 1083 3164 ParisS.
1114 3122 1168 3164 A.
1212 3122 1263 3164 B.
1304 3123 1352 3165 C.
1394 3136 1484 3167 sec.
1515 3136 1627 3166 man.
1671 3121 1726 3163 D.
1768 3138 1867 3167 cum
1896 3122 2047 3179 Steph.
2079 3123 2270 3165 doricam
2299 3121 2385 3165 for-
