2623 3802
1136 117 1540 244 *unm

249 311 303 353 sit
341 311 396 351 ab
434 308 519 351 hoc
556 307 653 351 loco
681 321 763 349 nec
792 313 963 346 veteres
992 308 1228 360 scriptores
1255 306 1427 348 soleant
1451 305 1595 348 locum
1623 305 1721 347 libri
1750 313 1824 347 aut
1848 307 2070 362 scriptoris
2098 306 2223 349 τόπον
2248 311 2407 352 dicere·

250 376 378 423 Quod
406 377 462 418 ad
500 374 813 418 defendendum
842 372 1110 425 protulerunt
1139 371 1389 427 exemplum
1425 385 1481 414 ex
1515 371 1710 427 Thucyd.
1742 370 1783 422 Ι,
1813 376 1880 417 97
1919 373 2075 430 ἔγραψε
2115 376 2163 416 ὃέ
2196 374 2298 417 αὐτοὶ
2340 382 2408 417 καὶ

248 462 317 494 την
345 444 503 495 ἐκβολην
540 460 606 484 του
636 439 751 489 λόγου
789 445 867 479 ἐποι
858 437 1018 490 ιη’σαμεν
1059 440 1126 480 διαὶ
1163 437 1279 484 τόδε.
1325 436 1384 478 ὁτι
1421 444 1497 486 τοῖς
1529 440 1605 497 προ*
1640 436 1730 491 ἐμου
1766 436 1914 480 ἅπασιν
1941 446 2088 490 ἐκλιπὲς
2126 461 2240 485 τουτο
2281 448 2325 494 ἦν
2365 445 2410 484 τὸ

248 529 344 569 χυρι
334 513 408 559 ι’.ον
458 512 552 567 ejus
591 507 679 548 alia
719 513 784 547 est
832 507 954 549 ratio.
1032 505 1100 547 Cf.
1140 503 1280 546 Blum.
1319 505 1377 547 ad
1414 504 1598 562 Lycurg.
1638 506 1794 548 Leoer.
1834 520 1877 562 p.
1915 510 1984 549 83.
2057 508 2221 553 Versus
2259 518 2406 554 autem

181 606 190 613 ·
250 580 354 634 ipse,
384 591 509 634 quem
539 588 593 615 ex
627 572 914 629 Xenophonte
944 573 1073 613 etiam
1100 571 1251 614 laudat
1279 571 1496 614 Stobaeus
1523 572 1555 623 1,
1584 577 1691 625 101.,
1731 574 1834 629 quin
1863 573 1919 628 sit
1950 572 2196 629 Epicharmi
2223 592 2310 620 non
2339 587 2405 620 est
2477 564 2479 566 .

250 647 363 700 quod
394 644 647 684 dubitemus.
705 640 803 681 Vid.
830 638 1041 680 Valcken.
1071 640 1129 681 ad
1159 638 1422 689 Theocr..ll,
1452 637 1494 694 p
1525 643 1617 680 102.

360 774 556 829 Denique
592 787 679 816 non
718 780 818 814 sunt
846 770 990 814 aliena
1028 773 1085 815 ab
1121 771 1214 815 hac
1236 773 1490 829 quaestione
1518 774 1693 815 nomina
1720 776 1915 829 propria,
1954 776 1996 817 in
2036 775 2192 830 quibus
2220 775 2408 819 doricam

248 840 546 894 formationem
574 840 745 883 retinuit
773 836 1031 893 Xenophon.
1088 838 1235 883 Primo
1259 838 1358 883 loco
1387 838 1521 884 affero
1559 841 1801 896 composita
1831 855 1929 885 cum
1961 847 2073 891 λαος,
2117 855 2230 898 quae
2261 843 2409 887 dorice

249 909 482 950 formantur
508 907 551 950 in
580 914 672 955 λας,
720 906 774 947 de
812 905 968 961 quibus
996 907 1239 949 nominibus
1276 908 1364 964 egit
1392 905 1580 950 Ahrens.
1618 907 1648 950 l.
1688 907 1717 949 1.
1755 921 1798 963 p.
1831 911 1923 950 119.
1952 911 2047 951 226.
2102 909 2234 964 Apud
2262 909 2409 953 Xeno—

246 974 455 1030 phontem
483 982 584 1018 sunt
613 971 933 1021 Πλειστόλας
963 972 1075 1015 Hell.
1104 974 1156 1025 ΙΙ,
1185 977 1227 1026 3,
1260 977 1325 1016 10.
1356 972 1513 1030 (Thuc.
1541 977 1584 1026 5,
1618 978 1684 1017 19.
1715 977 1819 1031 25.),
1846 975 2083 1032 Σαμόλας
2111 977 2251 1020 Anab.
2282 977 2339 1029 V,
2364 982 2408 1020 6.

253 1045 313 1081 ι4.
342 1041 415 1092 VI,
444 1045 486 1092 5,
519 1046 584 1084 12.
613 1039 908 1097 Στρατόλας
945 1040 1055 1083 Hell
1085 1041 1249 1094 V11‚4,
1281 1045 1348 1085 15.
1394 1041 1498 1084 Sine
1525 1042 1654 1084 dubio
1683 1040 1944 1095 Hell.ll,3,
1975 1048 2041 1086 10.
2070 1046 2143 1087 ubi
2171 1058 2326 1101 margo
2356 1046 2408 1086 L.

240 1118 288 1150 et
316 1109 380 1151 St.
409 1124 507 1151 cum
535 1110 662 1165 codd.
691 1108 742 1150 B.
763 1108 811 1150 C.
833 1108 889 1150 D.
919 1112 1029 1166 Χαιρί
1016 1116 1097 1156 ιλας
1125 1107 1303 1161 habent,
1333 1111 1458 1168 ΧιιριΙ
1443 1116 1553 1157 ιλας
1582 1110 1859 1153 scribendum
1887 1119 1967 1153 est.
2023 1110 2094 1153 De
2121 1111 2208 1153 hoc
2236 1115 2408 1155 nomine

245 1177 328 1219 vid.
358 1176 553 1219 Perizon.
583 1163 639 1219 ad
668 1175 836 1219 Aelian.
865 1176 919 1217 V.
949 1175 1003 1218 H.
1033 1180 1073 1228 1,
1103 1179 1171 1220 27.
1200 1178 1274 1220 ubi
1301 1174 1431 1220 etiam
1457 1175 1559 1220 olim
1586 1176 1749 1234 Καρίδας
1778 1187 1888 1221 erat.
1945 1180 2113 1237 Χαρίλας
2142 1187 2208 1221 est
2235 1180 2281 1222 in
2309 1179 2410 1223 Plu·

243 1243 379 1288 tarch.
412 1251 579 1299 quaest.
609 1258 674 1300 gr.
704 1260 742 1287 c.
773 1247 837 1287 12.
881 1243 1000 1285 Idem
1026 1256 1186 1286 nomen
1214 1253 1283 1287 est
1310 1245 1428 1300 quod
1449 1242 1655 1300 Χάριλλος,
1685 1243 1846 1288 Herod.
1875 1249 1918 1297 8,
1950 1250 2043 1290 131.
2071 1246 2264 1291 Pausan.
2292 1250 2336 1299 3,
2365 1244 2407 1291 7‘.

244 1311 409 1354 Eadem
436 1311 547 1353 ratio
578 1317 644 1352 est
672 1312 853 1353 nominis
883 1310 1090 1359 Βάθυλλος.
1130 1311 1247 1366 quod
1275 1312 1318 1352 in
1345 1311 1624 1365 inscriptione
1650 1309 1826 1358 Βαὲιύλας
1852 1319 1932 1363 est,
1962 1311 2281 1369 multorumque
2303 1313 2408 1356 alio-

243 1393 353 1420 rum.
383 1401 436 1406 —
459 1376 571 1418 Hell.
600 1377 670 1428 111,
699 1381 741 1428 4,
773 1382 811 1419 1.
841 1380 1059 1429 dubitant,
1096 1376 1244 1435 Ἡρόν
1259 1378 1341 1422 δας
1369 1391 1426 1418 an
1453 1375 1622 1434 Ἡρόδας
1653 1377 1917 1433 Syracusani
1947 1391 2114 1419 nomen·
2133 1381 2409 1422 scribendum

245 1448 310 1485 sit.
376 1445 597 1487 Laconem
610 1443 812 1501 ’Ἡρώνδας
841 1446 971 1487 habet
1010 1445 1120 1486 Plut.
1149 1444 1357 1500 apophth.
1386 1444 1468 1487 lac.
1501 1445 1560 1493 ΙΙ,
1589 1459 1631 1499 p.
1663 1448 1757 1493 132.
1794 1443 2044 1486 Priscianus
2073 1445 2106 1495 l,
2150 1460 2191 1500 p.
2220 1450 2315 1488 265.
2343 1449 2412 1489 ed.

248 1512 397 1553 Krehl.
424 1520 587 1561 narrat,
617 1511 923 1567 Syracusanos
954 1511 1049 1569 ἤρων
1076 1525 1157 1566 pro
1189 1510 1278 1568 ἥρως
1305 1513 1477 1553 dixisse.
1507 1509 1572 1552 Cf.
1591 1510 1780 1553 Ahrens.
1807 1510 1836 1551 l.
1865 1510 1894 1552 l.
1925 1526 1967 1566 p.
1985 1514 2082 1552 241.
2110 1511 2335 1554 Valcken.r
2355 1516 2413 1556 ad

247 1578 429 1620 Theocr.
457 1578 598 1619 Adon.
628 1577 680 1627 ll,
709 1593 750 1632 p.
780 1582 847 1619 92.
880 1604 928 1620 -.—
960 1578 1056 1620 Hoc
1085 1579 1223 1619 obiter
1245 1578 1374 1627 addo,
1404 1578 1448 1619 in
1476 1575 1645 1619 Hellen.
1672 1576 1747 1627 VI,
1775 1580 1819 1627 5,
1845 1581 1929 1627 38„
1961 1591 2015 1619 ex
2044 1591 2129 1632 quo
2159 1577 2257 1620 loco
2287 1576 2409 1635 Wyt-

243 1643 499 1688 tenbachius
538 1647 780 1702 Πατροκλέας
809 1644 1010 1700 protulit,
1042 1658 1170 1700 quem
1197 1641 1398 1687 refutavit
1424 1642 1612 1687 Ahrens.
1637 1641 1668 1686 1.
1696 1642 1724 1685 l.
1754 1658 1796 1699 p.
1825 1646 1922 1687 562.
1952 1642 2174 1702 Πατροκλῆς
2202 1645 2261 1688 ibi
2290 1647 2406 1689 inve-

244 1714 324 1755 niri
352 1712 515 1762 dicens,
543 1710 778 1768 legendum
806 1723 905 1754 esse
933 1709 1120 1769 Προκλὶἷς.
1167 1710 1286 1754 Idem
1314 1719 1383 1755 est
1407 1709 1578 1754 Hellen.
1609 1709 1680 1761 111,
1713 1714 1752 1761 1,
1780 1715 1821 1754 6.
1851 1710 1905 1761 V,
1935 1713 1977 1762 3,
2010 1714 2074 1754 13.
2097 1711 2191 1763 Vll,
2224 1715 2263 1763 1,
2296 1716 2333 1755 1.
2356 1738 2409 1744 ——

246 1779 313 1822 Ex
333 1781 520 1837 genitivo
544 1793 684 1822 novus
711 1777 923 1823 formatus
951 1787 1018 1828 est
1044 1780 1332 1822 nominativus
1356 1778 1504 1837 ’Άρακ
1517 1796 1582 1826 ος,
1611 1780 1683 1834 qui
1712 1786 1778 1821 est
1804 1777 2191 1829 Lacedaemonius,
2221 1779 2333 1822 Hell.
2355 1780 2406 1831 11,

248 1852 288 1898 1,
320 1850 358 1889 7.
387 1850 429 1897 3,
459 1850 524 1889 10.
554 1847 623 1897 ΙΙΙ,
651 1850 691 1898 2,
720 1852 775 1899 6.,
806 1846 994 1890 fortasse
1022 1847 1314 1889 restituendus
1336 1847 1464 1889 etiam
1491 1845 1604 1889 Hell.
1629 1846 1704 1898 Vl,
1732 1849 1775 1897 5,
1805 1848 1874 1888 33.
1903 1846 1973 1887 ubi
2001 1845 2133 1902 vulgo
2157 1845 2316 1903 Ἄρατος
2348 1848 2409 1889 le-

246 1917 371 1970 gitur.
424 1912 492 1955 Cf.
533 1914 589 1957 de
615 1913 700 1957 hac
726 1913 981 1957 formatione
1011 1914 1194 1970 Gregor.
1225 1911 1417 1956 Corinth.
1455 1929 1496 1969 p.
1524 1917 1621 1957 592.
1661 1928 1727 1970 sq.
1767 1912 2027 1969 Hesychius:
2059 1911 2223 1971 Ἄρακος
2240 1929 2250 1940 ·
2288 1914 2403 1972 ἱέραξ,

246 1981 439 2038 Τυρρηνοί.
470 1981 611 2024 Etiam
637 1980 792 2037 Ἱέραξ
821 1982 1035 2023 invenitur
1062 1982 1179 2035 apud
1207 1980 1543 2035 Xenophontem
1581 1980 1694 2023 Hell.
1724 1981 1779 2031 V,
1810 1985 1849 2028 1.
1878 1984 1934 2030 3.,
1963 1981 2016 2021 de
2044 1994 2129 2035 qua
2155 1979 2296 2022 forma
2320 1982 2405 2022 vid.

246 2049 430 2104 Gregor.
461 2046 561 2089 Cor.
589 2062 631 2103 p.
660 2050 756 2089 240.
815 2046 910 2090 Huc
937 2048 1117 2102 pertinet
1146 2048 1273 2090 etiam
1312 2046 1505 2105 φάραξ.
1536 2046 1787 2090 nauarchus
1814 2045 2254 2090 Lacedaemoniorum
2290 2045 2404 2090 Hell.

247 2116 317 2166 ΙΙΙ,
346 2118 387 2165 2,
420 2117 484 2155 12.
513 2114 588 2164 VI,
616 2116 658 2165 5,
678 2118 747 2156 33.
776 2115 920 2156 Habet
948 2114 1034 2156 hoe
1062 2127 1219 2156 nomen
1249 2116 1379 2157 etiam
1407 2115 1542 2156 Thuc.
1571 2118 1612 2165 4,
1633 2117 1701 2156 38.
1743 2113 1870 2160 Quod
1898 2113 2132 2156 Burmann.
2163 2115 2221 2156 ad
2250 2113 2404 2170 syllog.

246 2183 435 2235 inscript.
464 2190 563 2235 post
590 2180 788 2223 Dorvillii
819 2180 969 2222 Sicula
996 2197 1038 2235 p.
1066 2185 1163 2222 504.
1195 2180 1264 2222 cll.
1292 2183 1389 2223 553.
1427 2180 1703 2235 Xenophonti
1733 2181 1874 2222 Anah.
1901 2181 1933 2230 Ι,
1960 2183 2000 2229 2,
2028 2185 2068 2221 9.
2099 2181 2407 2222 restituendum

245 2256 366 2301 putat
393 2262 549 2290 nomen
577 2248 757 2296 Σῶσις,
787 2249 899 2290 idem
928 2257 993 2289 est
1023 2249 1137 2303 quod
1167 2250 1326 2296 Σωσίας.
1367 2249 1482 2304 quod
1509 2248 1688 2304 legitur,
1730 2262 1858 2302 quum
1886 2248 2058 2289 nomina
2085 2247 2128 2289 in
2159 2265 2186 2293 ις
2214 2255 2406 2289 retracto

245 2322 427 2357 accentu
457 2330 512 2357 ex
541 2316 781 2357 nominibus
803 2321 877 2356 aut
903 2315 946 2355 in
977 2332 1028 2359 ιος
1056 2323 1131 2356 aut
1153 2316 1195 2356 in
1227 2333 1282 2359 ιας
1305 2313 1582 2357 Doriensium
1604 2328 1725 2356 more
1747 2321 1943 2367 correpta
1971 2314 2068 2354 sint.
2099 2313 2195 2354 Vid.
2216 2312 2405 2354 Ahrens.

244 2397 286 2435 p.
315 2385 411 2422 233.
470 2381 611 2423 Etiam
638 2383 820 2423 nominis
849 2379 1057 2428 Πιτύας,
1089 2383 1204 2435 quod
1234 2383 1299 2422 bis
1327 2380 1482 2437 legitur
1516 2379 1626 2424 Hell.
1667 2381 1719 2431 ΙΙ,
1748 2385 1790 2430 3,
1823 2384 1885 2420 10.
1926 2377 2065 2420 forma
2093 2381 2136 2421 in
2165 2399 2194 2426 ις
2223 2389 2408 2434 apparet

246 2451 289 2489 in
317 2447 440 2489 libris
469 2446 581 2489 Hell.
604 2449 662 2503 ΙΙ,
694 2455 734 2498 6,
766 2453 801 2490 1.
833 2454 958 2495 Πίτιος
989 2454 1055 2499 μὲν
1083 2447 1346 2505 ἐφορεύοντος.
1376 2450 1454 2491 sed
1477 2445 1753 2490 scribendum
1781 2456 1847 2488 est
1883 2461 1980 2488 eum
2010 2443 2235 2488 Dindorfio
2267 2445 2403 2493 Πιτύα.

244 2516 301 2556 ad
329 2528 459 2568 quam
484 2513 667 2558 formam
696 2514 994 2557 illustrandam
1023 2514 1160 2557 attulit
1190 2515 1353 2573 Αρχύτα
1391 2513 1501 2557 Hell.
1531 2514 1593 2565 11,
1628 2519 1679 2565 1,
1724 2517 1788 2556 10.
1827 2516 1858 2554 Γ
1859 2515 1976 2553 mola
2011 2512 2053 2563 Ι,
2085 2516 2124 2563 1,
2151 2515 2220 2555 29.
2251 2517 2407 2554 Καλλέα

245 2582 378 2637 Ages.
407 2585 448 2632 8,
478 2584 519 2624 3.
548 2579 755 2624 Doricum
786 2595 942 2624 nomen
972 2591 1038 2625 est
1066 2583 1195 2625 etiam
1225 2580 1334 2630 ἥλις
1364 2580 1473 2625 Hell.
1502 2580 1575 2631 lv,
1606 2584 1648 2632 3,
1678 2582 1760 2630 21.,
1787 2580 1855 2635 qui
1885 2581 1926 2622 in
1954 2579 2089 2636 Ages.
2119 2582 2160 2630 2,
2190 2581 2254 2622 15.
2285 2577 2406 2627 Γῖιλος

245 2646 491 2703 appellatur
508 2648 780 2691 librariorum
799 2661 961 2690 errore.
1003 2648 1193 2691 Similem
1212 2651 1422 2692 rationem
1450 2661 1548 2690 esse
1576 2649 1791 2690 nominum
1824 2645 2004 2693 Πόλλις
2034 2645 2145 2688 Hell.
2172 2645 2246 2697 lV,
2275 2649 2318 2697 8,
2340 2651 2406 2689 11.

246 2715 301 2766 V,
331 2718 373 2765 4,
401 2717 474 2757 61.
500 2722 544 2757 et
572 2713 738 2764 Πῶλος
767 2715 908 2757 Anab.
939 2715 1041 2767 Vll,
1081 2719 1121 2768 2,
1150 2720 1190 2760 5.
1220 2715 1530 2760 -Schneiderus
1558 2715 1724 2757 videtur
1752 2715 2046 2765 existimasse,
2081 2716 2151 2757 cui
2179 2713 2409 2770 probabile

244 2789 310 2824 est
333 2782 519 2826 eundem
548 2783 688 2825 virum
720 2782 1043 2838 intelligendum
1082 2796 1194 2826 esse.
1252 2783 1466 2827 Relutavit
1495 2795 1594 2825 euin
1620 2781 1833 2836 Krueger.
1870 2782 1926 2824 de
1964 2782 2158 2825 authent.
2192 2782 2333 2825 Anab.
2363 2796 2403 2836 p.

244 2853 308 2891 13.
337 2860 392 2890 ex
420 2846 530 2889 Hell.
554 2849 606 2900 ll,
638 2853 678 2900 l,
707 2854 747 2893 7.
780 2850 822 2892 οὗ
850 2851 926 2903 γοὲρ
957 2847 1066 2901 νόμος
1097 2850 1221 2898 αὐτοῖς
1252 2851 1610 2905 (Λακεδαιμονίοις)
1638 2850 1693 2896 δὶς
1721 2851 1789 2889 τόν
1819 2848 1934 2889 αὐτὸν
1964 2856 2185 2907 ναυαρχεῖν.
2233 2851 2403 2904 Agmen

244 2915 418 2958 claudat
443 2913 670 2969 Neptunus
698 2919 979 2971 Γαιάοχος,
1020 2919 1144 2974 cujus
1172 2931 1348 2961 sacrum
1376 2924 1737 2961 commemoratur
1779 2915 1889 2958 Hell.
1928 2916 2009 2967 Vl,
2048 2921 2090 2967 5,
2120 2920 2186 2958 30.
2217 2929 2348 2971 quem
2378 2931 2406 2959 a

246 2981 473 3036 Spartanis
501 2982 661 3025 cultum
696 2998 795 3027 esse
823 2987 1014 3028 narravit
1040 2985 1228 3027 Pausan.
1259 2985 1329 3037 ΙΙΙ,
1360 2988 1426 3027 20.
1456 2987 1522 3026 21.
1580 2985 1767 3026 Nomina
1795 2985 1978 3039 denique
2007 2983 2291 3038 ephororum,
2333 2986 2406 3040 qui

244 3057 523 3092 recensentur
552 3064 579 3091 a
607 3050 894 3107 Xenophonte
934 3051 1045 3095 Hell.
1074 3053 1123 3103 ΙΙ,
1152 3056 1203 3103 3,
1245 3056 1310 3094 10.
1349 3066 1435 3093 non
1473 3052 1618 3093 omnia
1655 3052 1903 3106 incorrupta
1940 3063 2040 3092 esse
2082 3049 2185 3092 mihi
2216 3060 2400 3094 constat.

247 3114 404 3169 Papius
433 3119 474 3160 in
505 3117 645 3161 lexico
675 3134 832 3163 nomen
861 3120 1038 3179 Εὔαρχος
1067 3135 1119 3163 ex
1150 3118 1223 3162 illo
1252 3118 1348 3162 loco
1377 3117 1540 3170 attulit,
1583 3118 1699 3173 quod
1728 3119 1783 3161 ibi
1811 3132 1896 3161 non
1926 3117 2106 3173 legitur,
2149 3128 2301 3162 contra
2328 3132 2401 3161 ne·

258 3190 262 3194 ·
1942 3187 1998 3212 ⁶2*
