2623 3802
228 284 333 343 ssyr,
356 281 452 334 Vll,
482 284 522 331 1,
549 281 618 320 29.
646 276 854 332 vulgatae
882 274 1114 333 παραβαίης
1143 290 1197 319 ex
1228 274 1371 319 Guels.
1401 284 1445 317 et
1472 275 1634 319 Pan-iss.
1664 276 1970 334 praetulerunt.
2027 275 2097 320 De
2127 280 2269 323 ionico
2298 286 2402 321 πλα-

225 357 316 408 τέςι,
355 347 471 407 quod
496 346 541 388 in
571 343 686 388 libro
716 343 771 386 de
810 356 860 386 re
889 352 1080 400 equestr.
1111 347 1152 395 1,
1193 348 1259 386 14.
1296 346 1391 402 Jam
1420 342 1644 385 Weiskius
1672 348 1831 403 corrigi
1853 346 2005 403 jussit,
2049 345 2136 386 vid.
2166 360 2276 401 quos
2304 350 2405 391 citat

228 416 458 472 Sauppius.
513 409 585 454 De
606 413 748 454 ionico
777 412 969 467 genitivo
997 409 1164 467 τύρσιος,
1191 412 1265 468 qui
1292 419 1335 453 et
1361 409 1640 453 Doriensium
1666 419 1749 461 est,
1779 412 1865 453 vid.
1887 411 2040 468 Poppo
2070 411 2127 454 ad
2150 411 2291 454 Anab.
2310 414 2402 466 Vll,

232 491 274 535 8,
304 486 369 526 12.
425 479 497 522 De
523 477 675 522 formis
704 477 869 534 aliquot
894 478 1113 521 nominum
1139 480 1414 532 propriorum
1452 477 1537 519 vid.
1577 476 1730 531 Poppo
1773 476 1912 530 praef.
1962 477 2119 534 Cyrop.
2157 493 2210 532 p.
2231 479 2404 521 XXXV

233 564 327 606 sqq·
362 574 412 580 -
689 582 694 586 ·

339 615 581 660 Praeterea
609 610 785 657 afferam
810 610 1054 654 testimonia
1091 617 1294 653 veterum⁴
1316 611 1719 666 grammaticorum‚
1753 610 1839 653 duo
1861 610 2100 661 vocabula,
2131 612 2284 667 quibus
2316 611 2404 654 Xe-

230 683 413 741 nophon
439 693 548 726 usus
576 686 666 730 est,
706 677 857 721 Ionum
892 689 994 720 esse
1022 674 1339 720 affirmantium.
1389 676 1602 733 Zonaras.
1624 678 1737 721 enim
1777 677 1810 720 1.
1838 691 1881 732 p.
1910 680 2009 720 494.
2059 677 2202 721 Tittm.
2233 687 2405 733 praeter

229 752 360 795 lones
391 764 448 793 ex
474 746 627 790 Atticis
665 757 800 788 unum
826 741 1165 800 Xenophontem
1194 741 1355 795 δημότης
1394 743 1450 786 de
1478 741 1653 801 plebejo
1683 744 1846 787 dixisse
1883 751 1931 788 ut
1969 743 2024 785 sit
2061 746 2087 786 i.
2118 760 2159 801 q.
2199 745 2403 798 δημοτικός

232 825 387 862 auctor
413 822 493 857 est.
551 812 652 861 Qua
677 817 896 868 potestate
925 825 1062 867 quum
1090 809 1261 866 legatur
1287 811 1332 853 in
1367 824 1461 865 rep.
1491 809 1650 853 Athen.
1681 815 1722 862 1,
1751 816 1792 854 4.
1831 804 2130 856 auctotitatem
2158 813 2402 856 authentiae

231 884 343 929 illius
369 881 469 926 libri
496 879 788 924 certissimam
812 877 1031 922 invenisse
1058 878 1141 921 sibi
1166 877 1248 920 visi
1281 884 1393 922 sunt.
1450 875 1632 935 Legitur
1664 877 1819 922 eadem
1856 879 2181 937 significatione·
2206 879 2336 923 Mem.
2370 880 2402 930 1,

233 956 274 1003 2,
301 953 370 994 58.
401 946 562 1005 Cyrop.
590 946 645 999 11,
672 948 717 997 8,
744 948 787 989 7.
817 947 883 987 15.
912 946 985 987 ubi
1014 944 1099 987 vid.
1119 943 1324 987 Bornem.
1348 943 1461 996 Vffl,
1478 947 1521 996 3,
1541 947 1608 987 15.
1666 945 1764 988 Non
1793 958 1893 996 esse
1917 950 2065 990 veram
2087 945 2284 989 Zonarae
2308 961 2405 990 sen·

232 1019 410 1062 tentiam
432 1016 622 1071 probant
649 1011 852 1067 exempla
877 1011 1134 1053 Atticorum.
1193 1010 1412 1067 Sauppius
1439 1023 1561 1061 vero,
1600 1011 1674 1066 qui
1702 1012 1746 1053 in
1774 1022 1941 1069 quaest.
1970 1012 2171 1071 Xenoph.
2200 1027 2320 1070 spec.
2355 1015 2404 1057 11.

234 1101 277 1141 p.
309 1089 378 1128 lt).
422 1085 664 1138 scripturae
690 1081 944 1122 varietatem
970 1074 1132 1125 ἴδιῧται.
1163 1092 1294 1134 quam
1321 1075 1726 1133 praebent'Pariss.
1753 1079 1808 1121 A.
1840 1079 1890 1121 C.
1918 1082 1963 1122 in
1987 1095 2079 1137 rep.
2106 1080 2263 1125 Athen.
2296 1087 2335 1134 1,
2355 1083 2404 1126 ’4.

234 1166 326 1195 non
352 1161 532 1206 prorsus
558 1146 868 1203 negligendam
897 1146 1063 1187 censuit
1088 1152 1133 1187 et
1160 1144 1322 1188 FuchS.
1351 1146 1427 1200 qui
1456 1146 1500 1187 in
1529 1152 1696 1199 quaest.
1726 1145 1930 1201 Xenoph.
1969 1163 2013 1201 p.
2040 1151 2117 1190 82.
2139 1148 2194 1190 de
2221 1151 2406 1192 veritate

237 1219 475 1273 scripturae
513 1214 701 1265 dubitat,
743 1227 832 1257 non
862 1210 1135 1255 attenderunt
1162 1211 1220 1255 ad
1238 1208 1478 1261 ‚articulum
1520 1213 1564 1254 in
1592 1209 1682 1254 illis
1706 1210 1830 1258 libris
1859 1215 2089 1266 omissum,
2129 1216 2243 1259 unde
2272 1225 2405 1269 patet,

237 1281 452 1340 quomodo
479 1281 631 1325 vitium
657 1285 802 1331 ortum
827 1278 895 1320 sit.
952 1275 1148 1322 Alterum
1174 1276 1441 1322 vocabulum
1469 1284 1537 1320 est
1563 1281 1785 1331 τέχνασμα.
1813 1292 1900 1335 quo
1929 1293 2035 1324 usus
2064 1288 2131 1324 est
2160 1280 2407 1336 Xenophon

177 1384 180 1388 .
237 1349 347 1396 nell.
376 1349 453 1402 Vl,
482 1352 526 1401 4,
553 1351 596 1392 7.
625 1347 743 1404 quod
762 1346 915 1391 Ionum
942 1345 1162 1401 proprium
1184 1346 1242 1389 ab
1269 1343 1424 1389 Atticis
1449 1345 1670 1402 abjudicat
1696 1344 1970 1392 Phavorinus
1998 1363 2034 1392 s.
2064 1364 2106 1391 v.
2134 1353 2320 1402 τέχνημα.
2353 1375 2405 1382 -

1058 1827 1586 1871 corrigenda.

238 1924 282 1965 p.
310 1914 351 1950 3.
384 1911 413 1950 1.
443 1913 512 1951 20.
536 1921 621 1950 scr.
650 1906 967 1958 Λακεδαιμόνιοι.
1025 1921 1065 1960 p.
1094 1911 1135 1948 4.
1163 1906 1192 1947 l.
1216 1910 1283 1949 27.
1314 1906 1367 1960 τῷ
1395 1920 1475 1962 pro
1502 1905 1566 1946 τέ.
1626 1919 1668 1960 p.
1697 1908 1737 1947 5.
1766 1904 1795 1949 l.
1821 1910 1885 1948 16.
1915 1903 2007 1965 nimie
2027 1920 2106 1963 pro
2128 1906 2230 1965 α’νῆρ.
2288 1906 2316 1949 l.
2338 1912 2404 1950 18.

299 1973 354 2028 τζι
381 1989 461 2031 pro
489 1993 553 2016 τυ.
612 1990 655 2030 p.
689 1980 734 2027 6,
764 1976 794 2017 l.
825 1978 890 2017 16.
921 1972 1124 2021 τοξευθεὶς.
1181 1988 1224 2028 p.
1253 1978 1294 2015 8.
1322 1973 1349 2014 l.
1383 1977 1451 2016 82.
1482 1974 1754 2029 Argivorum.
1813 1989 1855 2028 p.
1887 1978 1952 2017 16.
1982 1974 2010 2015 l.
2039 1979 2079 2017 4.
2111 1970 2156 2016 εἶ
2183 1990 2262 2032 pro
2293 1974 2348 2017 εὖ.

1118 2182 1547 2205 -νυ-αθοαφ--ν-
1554 2192 1579 2196 --
