2623 3802
1138 140 1508 216 *⁸8⁹2*

226 279 255 323 o'
288 282 332 323 δὲ
359 299 412 332 γα
437 283 514 333 μοῖν
540 285 670 333 φθίνει
708 280 759 322 fr.
796 281 865 320 95.
900 277 1077 329 τεχνικός
1105 298 1159 330 γα
1189 280 1265 332 μοίν
1295 296 1306 306 ·
1341 280 1393 322 fr.
1434 284 1526 322 loo.
1563 284 1714 336 τέτορας
1742 278 1832 331 ε”χει
1869 298 1923 332 γα
1964 283 2043 334 μάν
2071 281 2209 331 πόδας.
2249 281 2300 325 fr.
2327 288 2396 326 58.

235 355 314 395 τοῖς
342 368 396 400 γα
426 350 503 401 μοὲν
532 348 736 393 ὖπυδέλοις
779 344 995 400 Sophron.
1025 345 1179 404 fragm.
1208 350 1277 389 51.
1307 346 1397 401 (ed.
1425 341 1635 400 Ahrens.)
1663 349 1731 387 ταί
1756 364 1811 398 γα
1839 348 1915 398 μοὶν
1945 348 2109 402 κόγχαι.

347 415 416 460 De
442 414 662 460 nonnullis
685 412 907 455 vocabulis
937 412 1124 456 difficilis
1153 421 1220 471 est
1247 414 1514 469 conjectura,
1536 428 1666 469 quum
1694 414 1756 457 ita
1785 425 2035 468 comparata
2062 419 2160 468 sint,
2189 427 2236 460 ut
2259 419 2396 460 etiam

234 482 305 527 alii
332 485 564 540 scriptores
593 481 646 522 iis
671 493 758 522 non
786 481 1066 525 abstinuerint
1092 481 1259 523 etiamsi
1285 492 1392 523 usus
1421 492 1571 524 eorum
1595 482 1714 537 apud
1734 480 1976 524 Dorienses
2001 481 2261 539 frequentior
2287 486 2393 528 etin

233 553 360 595 attico
383 561 582 594 sermone
602 555 825 603 poetarum
844 549 935 591 iere
953 548 1152 604 proprius
1170 554 1249 590 est.
1277 546 1372 590 Nec
1393 558 1496 590 vero
1515 546 1721 593 Haasium
1749 550 1805 593 de
1822 550 2036 601 omnibus,
2066 565 2178 607 quae
2205 551 2290 595 huc
2315 567 2391 594 vo-

233 621 355 670 carit,
384 628 533 660 omnes
553 615 706 658 harum
726 629 870 658 rerum
880 616 1052 671 peritos
1071 615 1358 658 assentientes
1376 622 1601 658 nacturum
1620 629 1717 659 esse
1736 618 1943 660 existimo.
1974 617 2074 673 Vid.
2095 618 2150 660 de
2168 619 2392 661 vocabulis

231 682 568 737 ,Slater-civem.
597 684 872 737 ἐπίψογος,
910 682 1277 740 ἐμπεδορκεῖν,
1310 680 1717 735 &erumnam-04.
1747 688 2130 732 ἐπιτείνεσθαι,
2161 687 2389 728 κλωπεύ-

231 772 325 799 ειν,
356 756 624 802 κνεφαῖος,
654 751 787 803 μετοὲ
812 763 910 792 cum
933 750 1079 806 genit.,
1111 747 1402 807 κρατύνειν,
1433 754 1694 797 σίνεσθαι,
1722 749 1883 806 τορός,
1913 765 2025 807 quae
2042 754 2189 796 omnia
2207 754 2251 795 in
2271 766 2394 808 repu-

232 820 342 863 blica
372 817 813 861 Lacedaemoniorum
838 815 1042 872 leguntur
1077 815 1210 859 Haas.
1238 817 1281 860 in
1311 815 1410 859 edit.
1464 815 1535 860 De
1564 816 1659 860 aliis
1687 816 1834 873 paullo
1864 820 2020 861 certius
2048 820 2251 876 judicare
2278 818 2393 861 licet.

230 885 325 927 Huc
347 882 488 926 refero
508 883 774 928 vocabulum·
798 881 1073 940 εὐμάρεια,
1104 883 1219 939 quod
1238 881 1398 940 legitur
1426 884 1469 926 in
1499 883 1662 927 Oecon.
1691 886 1736 936 5,
1765 888 1806 928 9.
1828 882 1903 927 ποῖ
1924 889 2063 927 πλείων
2092 885 2276 945 εὐμάρεια
2305 881 2331 937 ἢ
2360 893 2394 926 ἐν

227 950 339 1008 χώρῳ
364 969 436 1006 ‘regu
467 952 570 1006 (alii
597 952 620 1002 ἢ
645 957 679 992 ἐν
707 952 870 1008 χωρίῳ)
898 952 972 993 ubi
998 964 1131 1007 quum
1148 952 1191 993 in
1217 949 1339 994 libris
1367 952 1421 994 sit
1448 949 1525 994 ποῧ
1553 952 1656 994 πολι)
1683 955 1825 995 πλείων
1854 952 2041 1011 εὐμάρεια
2068 960 2102 994 ἑν
2129 952 2242 1012 χοίρῳ
2261 971 2314 1009 τῳ
2332 953 2394 996 le-

227 1019 417 1075 gendum
445 1033 529 1075 ego
558 1019 741 1075 conjicio
769 1017 821 1060 οὐ
844 1019 950 1059 πολύ
976 1022 1115 1059 πλείων
1144 1016 1330 1076 εὐμάρεια
1356 1025 1391 1060 ἐν
1419 1018 1534 1077 χοίρῳ
1555 1037 1629 1074 τρυε
1659 1020 1879 1064 Stobaeus
1898 1022 2069 1077 scripsit
2096 1034 2152 1064 ex
2180 1020 2268 1063 hoc
2293 1019 2394 1064 loco

226 1087 418 1144 εὐχέρεια.
458 1086 554 1129 Huc
576 1084 693 1128 valet
720 1088 952 1129 auctoritas
974 1085 1122 1129 Schol.
1144 1085 1268 1128 Hom.
1298 1085 1344 1127 ll.
1375 1085 1409 1129 α’.
1440 1090 1533 1130 137.
1565 1087 1664 1145 μοίρῃ
1693 1089 1770 1145 γάρ
1802 1088 1825 1139 ἦ
1851 1092 1944 1146 χεὶρ
1976 1089 2083 1130 naret*
2100 1088 2299 1145 Πίνδαρον.
2321 1087 2394 1130 cll.

230 1154 368 1212 Etym.
400 1152 515 1196 Gud.
543 1154 641 1203 38⁰,
671 1154 739 1194 28.
768 1151 965 1197 Eustath.
994 1157 1117 1205 1009,
1146 1155 1214 1194 42.
1244 1151 1389 1210 (irgm.
1407 1157 1503 1196 296.
1522 1153 1644 1196 Pind.
1666 1155 1734 1197 ed.
1752 1154 1951 1212 Bergk).
1981 1156 2210 1214 Adjectivo
2233 1153 2395 1213 εὐμαρές

228 1235 362 1277 saepe
389 1234 496 1262 usus
524 1227 592 1262 est
610 1219 835 1262 Pindarus.
863 1220 985 1262 Nem.
1012 1224 1055 1270 3,
1073 1223 1141 1261 21.
1164 1223 1233 1269 11,
1252 1223 1322 1261 33.
1348 1219 1474 1276 Pyth.
1496 1223 1539 1271 3,
1565 1223 1660 1262 115.
1687 1221 1894 1263 Simonid.
1924 1222 2008 1279 frg.
2034 1226 2128 1265 154.
2158 1237 2199 1265 v.
2228 1225 2271 1264 5.
2295 1222 2395 1277 Epi-

229 1287 393 1331 charm‚
410 1286 535 1343 srgm.
559 1289 628 1338 23,
651 1301 690 1329 v.
713 1290 753 1328 4.
782 1286 1058 1343 Adjectivum
1084 1286 1227 1344 ῥαδιν
1241 1285 1285 1333 ἇς
1316 1288 1444 1329 etiam
1471 1285 1559 1329 huc
1586 1287 1718 1328 traxit
1737 1285 1926 1331 Haasius
1953 1304 2044 1345 rep.
2064 1290 2167 1332 Lac.
2196 1293 2237 1340 2,
2260 1293 2302 1332 7.
2324 1290 2395 1339 τήν

227 1356 369 1412 §meimet
396 1356 449 1397 τοέ
476 1353 642 1406 σώματα
669 1352 857 1397 ποιοῧσαν
886 1354 1043 1412 τροφήν.
1083 1353 1263 1410 Legitur
1283 1355 1399 1410 apud
1419 1352 1675 1397 Alcmanem
1694 1350 1820 1411 frgm.
1849 1356 1916 1398 23.
1945 1355 2112 1414 χρύσεον
2143 1356 2259 1414 ὅρμον
2289 1356 2395 1409 ἔχων

229 1421 383 1480 §.effluxu
406 1421 614 1465 πετάλοισι
647 1418 819 1474 καλχᾶν,
850 1423 893 1465 in
912 1420 1066 1478 fragm.
1087 1420 1325 1465 Stesichori
1347 1422 1463 1477 apud
1487 1419 1633 1464 Schol.
1654 1419 1798 1475 Apoll.
1819 1420 1959 1465 Rhod.
1980 1423 2051 1475 111,
2073 1428 2165 1467 108.
2195 1428 2392 1476 Στησίχο-

229 1508 287 1547 ρος
318 1491 361 1531 δὲ
388 1494 449 1533 ἐπὶ
478 1490 545 1532 τοῦ
573 1488 730 1532 εὐτόνου
748 1505 758 1515 ·
789 1489 959 1547 ῥαδινούς
987 1487 1023 1529 δ’
1050 1488 1279 1542 ἐπέπεμπον
1308 1487 1484 1538 οἷ’κοντας.
1532 1487 1662 1531 Addo
1691 1486 1839 1532 Haasii
1866 1491 2002 1534 verba
2030 1498 2085 1534 ex
2112 1491 2197 1534 ind.
2227 1507 2269 1547 p.
2298 1493 2397 1534 327.

227 1559 403 1615 »ῥαδινοῖς
425 1561 685 1617 κυπαρίσσους
709 1559 870 1601 dixisse
887 1556 1164 1601 Theocritum
1182 1558 1345 1600 monuit
1362 1556 1511 1612 Steph.
1531 1554 1644 1599 thes.
1666 1568 1701 1598 s.
1721 1569 1762 1598 v.
1780 1556 1952 1614 ῥαδινους
1971 1558 2096 1608 πόδας
2115 1560 2262 1602 nescio
2281 1559 2396 1601 unde

226 1625 403 1682 piotulit
431 1625 703 1684 Phrynichus
732 1626 776 1666 in
808 1624 948 1667 Bekk.
979 1625 1145 1667 Anecd.
1161 1639 1216 1680 p.
1245 1628 1315 1677 61,
1346 1627 1413 1667 26.
1451 1626 1515 1667 sic
1539 1624 1867 1679 interpretatus·
1908 1644 1993 1674 τους
2026 1626 2157 1684 ὀρθοὺς
2188 1630 2256 1667 καὶ
2284 1626 2393 1667 ainz-

228 1694 316 1741 λους
342 1698 409 1735 καὶ
443 1698 490 1734 εὐ
519 1689 762 1744 πεφυκότας.
765 1703 788 1722 ⁶
844 1690 1038 1733 Similem
1065 1693 1275 1733 rationem
1304 1703 1405 1733 esse
1433 1692 1556 1733 verbi
1583 1691 1940 1746 ἐπιπολάζειν,
1979 1694 2094 1749 quod
2123 1693 2394 1736 invalescere

228 1760 443 1817 significat
471 1764 515 1802 in
543 1774 637 1815 rep.
666 1759 771 1801 Lac.
801 1762 853 1808 3,
880 1761 920 1800 2.
953 1757 1127 1811 μάλιστα
1157 1759 1200 1800 δὲ
1238 1757 1343 1845 ὕβριν
1371 1756 1681 1812 ἐπιπολάζουσαν
1711 1761 1928 1816 conjicias.
1986 1760 2162 1817 Legitur
2201 1768 2318 1803 certe
2346 1762 2391 1802 in

228 1827 475 1882 Epicharmi
502 1827 658 1883 fragm.
691 1830 784 1869 133.
829 1825 1078 1880 ἐπιπολάζειν
1114 1844 1191 1868 ουτι
1220 1826 1302 1884 χρη
1329 1826 1395 1866 τδν
1423 1825 1547 1877 &upon
1575 1826 1681 1866 οἷλλοὲ
1707 1828 1776 1867 τδν
1804 1825 1898 1868 νόον.
1955 1827 2024 1869 De
2050 1830 2186 1870 verbo
2215 1827 2388 1884 ῥέπειν

227 1895 312 1936 vid.
341 1894 475 1938 Haas.
505 1894 592 1936 ind.
619 1895 716 1936 328.
773 1892 1020 1949 Legebatur
1047 1894 1090 1936 in
1118 1892 1258 1937 Alcm.
1290 1892 1340 1935 fr.
1372 1895 1436 1935 11.
1476 1892 1597 1950 ῥέπει,
1626 1893 1700 1936 ubi
1731 1908 1849 1936 nunc
1877 1903 1944 1936 est
1980 1893 2100 1951 ἕρπει.
2162 1894 2276 1941 Quin
2304 1894 2390 1937 huc

227 1962 440 2016 pertineat
468 1961 754 2016 comparativi
781 1959 922 2003 forma
946 1959 1149 2011 μάσσων
1173 1974 1262 2004 non
1291 1967 1357 2003 est
1383 1959 1675 2003 dubitandum.
1728 1959 1887 2003 Suidas
1908 1974 2003 2003 eam
2022 1974 2077 2003 ex
2098 1960 2391 2017 Xenophonte

227 2028 378 2071 laudat
408 2027 596 2080 μάσσων·
626 2027 1101 2084 μακροτέρκ·-Ξενοφῧν·
1141 2028 1186 2068 ἄν
1217 2028 1270 2079 μὴ
1298 2028 1399 2069 πολι)
1430 2027 1588 2078 μάσσων
1618 2027 1704 2075 ὅδδς
1731 2020 1771 2088 ᾗ.
1830 2027 2041 2084 Equidem
2057 2027 2173 2071 hanc
2192 2025 2389 2079 formam,

227 2109 356 2152 quam
384 2098 426 2137 in
454 2093 754 2151 Xenophontis
780 2093 900 2137 libris
929 2103 1101 2137 exstare
1139 2104 1182 2138 et
1208 2095 1395 2137 Haasius
1424 2095 1480 2136 ad
1508 2108 1644 2150 remp.
1674 2095 1779 2137 Lac.
1812 2098 1879 2147 12,
1907 2098 1948 2138 5.
1988 2102 2029 2138 et
2057 2104 2236 2139 auctore
2266 2095 2387 2138 Stur-

228 2166 293 2204 zio
332 2163 493 2206 Suidae
531 2163 668 2205 editor
704 2170 939 2218 negarunt,
978 2165 1045 2206 bis
1073 2162 1352 2218 Xenophonti
1388 2162 1654 2205 reddendam
1692 2175 1792 2205 esse
1829 2175 2002 2205 censeo.
2067 2163 2208 2206 Petita
2244 2169 2388 2204 autem

228 2238 328 2272 sunt
362 2230 437 2273 illa
472 2231 631 2282 verba,
670 2238 719 2273 ut
757 2229 975 2286 Sauppius
1002 2239 1046 2273 et
1072 2230 1402 2273 Bornemannus
1430 2230 1694 2281 indicarunt,
1737 2244 1794 2273 ex
1832 2229 1992 2287 Cyrop.
2022 2230 2081 2283 11,
2121 2234 2170 2281 4,
2201 2232 2268 2272 27.
2315 2230 2389 2272 ubi

229 2311 360 2353 quum
382 2299 565 2352 optimus
593 2297 701 2339 liber
735 2296 872 2340 Paris.
903 2297 955 2338 A.
995 2299 1204 2353 praebeat
1234 2297 1419 2361 polee-nel
1427 2298 1525 2353 jure
1556 2298 1750 2349 mireris,
1796 2297 1912 2354 quod
1940 2297 2267 2339 Bornemannus
2298 2310 2387 2338 non

229 2374 296 2407 est
324 2377 460 2407 ausus
487 2365 710 2420 vulgatam
738 2366 994 2418 scripturam
1032 2366 1094 2406 ἐοὲυ
1125 2365 1177 2416 μὴ
1205 2365 1309 2406 πολι)
1336 2363 1504 2405 ἐλάσσων
1531 2363 1554 2415 ἦ
1585 2365 1670 2412 ὅδδς
1702 2361 1726 2423 ᾖ
1752 2373 1930 2406 mutare.
1986 2364 2034 2404 ln
2062 2378 2151 2418 rep.
2181 2363 2288 2406 Lac.
2319 2367 2387 2414 12,

229 2435 268 2487 ἴ).
299 2432 371 2472 ubi
398 2429 556 2487 legitur
598 2431 660 2472 δεῖ
698 2432 739 2473 δὲ
770 2430 857 2473 οὔτε
887 2436 1100 2488 περίπατον
1133 2431 1217 2473 οὔτε
1251 2431 1389 2490 δρὸμον
1423 2428 1572 2472 ἐλάσσω
1601 2434 1799 2472 ποιεῖσθαι
1830 2427 1853 2481 ἢ
1880 2430 1968 2472 ὅσον
1996 2427 2041 2469 οἳν
2071 2431 2091 2480 ἦ
2121 2429 2224 2488 μόρα
2251 2429 2387 2489 ἐφῆκῃ.

229 2505 270 2538 et
299 2498 587 2552 importunum
616 2498 878 2541 vocabulum
908 2501 1028 2541 uncis
1056 2498 1227 2541 inclusit
1255 2499 1453 2547 Haasius,
1490 2499 1527 2539 si
1555 2497 1680 2541 salva
1707 2499 1834 2540 debet
1860 2511 1958 2540 esse
1986 2498 2223 2547 sententia,
2263 2511 2387 2551 repo-

228 2572 357 2604 natur
385 2564 564 2615 μάσσω
592 2578 773 2609 necesse
803 2573 883 2606 est.
940 2556 1123 2607 Utuntur
1153 2573 1295 2608 autem
1322 2565 1406 2608 hoc
1425 2566 1718 2619 comparativo
1738 2563 1963 2614 Pindarus,
1990 2563 2259 2616 Theocritus,
2288 2563 2388 2607 Cal-

228 2629 452 2680 limachuS,
482 2631 569 2672 alii.
627 2632 810 2673 Omnino
841 2640 984 2673 autem
1016 2634 1171 2683 miror,
1216 2634 1333 2688 quod
1361 2632 1503 2673 multis
1543 2632 1587 2671 in
1624 2630 1732 2672 locis
1761 2636 1954 2671 veterum
1983 2632 2242 2684 scriptorum
2271 2632 2388 2673 dete·

230 2696 346 2737 riora
373 2694 619 2739 melioribus
648 2700 836 2741 nondum
865 2706 1101 2750 cesserunt,
1132 2712 1391 2756 quamquam
1419 2706 1462 2739 et
1490 2705 1738 2751 corruptam
1766 2709 1867 2738 esse
1886 2696 2110 2753 vulgatam
2129 2699 2389 2753 scripturam

229 2768 272 2804 et
299 2763 399 2816 quid
427 2764 612 2818 scriptor
640 2766 834 2808 scribere
873 2765 1065 2807 debuerit
1103 2766 1373 2821 exploratum
1401 2764 1620 2807 habemus.
1677 2761 1955 2806 Dubitantius
1993 2763 2172 2820 profero
2201 2766 2389 2807 vocabu-

228 2828 330 2880 lum,
360 2830 477 2883 quod
505 2831 548 2871 in
570 2828 735 2889 ‘Cyrop.
765 2832 797 2882 l,
826 2836 868 2883 6,
900 2835 964 2873 16.
994 2845 1048 2873 ex
1078 2833 1249 2886 optimis
1279 2833 1405 2875 codd.
1435 2830 1599 2884 recepit
1627 2831 1947 2873 recentissimus
1976 2831 2136 2881 editor,
2181 2831 2387 2880 ἡπηταί.

229 2897 344 2950 quod
372 2896 587 2952 antiquius
606 2910 689 2953 ego
714 2900 951 2942 existimem
970 2913 1099 2955 quam
1125 2898 1305 2945 α’κεσταί.
1336 2911 1594 2955 quamquam
1614 2906 1861 2954 repugnant
1881 2899 2158 2955 grammatici.
2189 2896 2257 2940 Cf.
2277 2897 2389 2942 Lob.

229 2963 287 3003 ad
315 2963 472 3019 Phryn.
511 2977 551 3018 p.
580 2967 649 3006 95.
679 2978 744 3020 sq.
774 2965 917 3022 η’πῃτνῖς
947 2967 1059 3023 quod
1089 2965 1241 3008 Thom.
1278 2966 1338 3009 Μ.
1379 2964 1674 3023 ποιητικώτερον
1715 2965 1847 3016 dixit,
1886 2964 2173 3008 Doriensibus
2202 2964 2391 3009 tortasse

229 3038 321 3071 erat
348 3030 543 3087 vulgare.
600 3031 713 3074 Num
744 3035 871 3076 etiam
901 3035 1161 3087 διάβολος,
1203 3048 1288 3090 quo
1319 3047 1421 3076 usus
1449 3040 1515 3074 est
1542 3032 1790 3087 Xenophon
1816 3034 1858 3075 in
1886 3032 2022 3089 Ages.
2051 3035 2119 3084 ll,
2148 3035 2189 3075 5.
2229 3033 2313 3080 τούς
2342 3052 2389 3084 γε

231 3096 315 3147 μήν
333 3096 532 3148 διαβόλους
565 3096 715 3149 μέλλου
750 3096 774 3150 ἦ*
801 3102 887 3148 τούς
918 3108 1082 3149 κλέπτας
1110 3105 1256 3154 ἐμίσει,
1313 3102 1386 3143 ubi
1423 3107 1594 3153 praeter
1619 3099 1705 3142 alia
1731 3099 1939 3142 Lobeckii
1976 3100 2297 3143 adnotationem
2333 3101 2390 3142 ad

1961 3169 1987 3195 ⁶)
