2623 3802
1120 166 1528 238 ’.δῆθ’

238 308 375 366 glexit
410 318 564 352 nomen
602 302 766 351 Πιτύας,
804 313 1067 359 quamquam
1094 315 1129 345 s.
1160 316 1203 347 v
1233 303 1364 349 Πιτίας
1402 300 1591 343 lectores
1618 299 1675 341 ad
1713 296 1828 341 hanc
1854 294 2040 339 formam
2069 299 2313 358 ablegavit3
2353 302 2407 345 de

237 379 408 422 nomino
434 369 709 419 ’Λλεξιππίδοις
731 368 1067 426 Xenophontem
1095 378 1254 413 testem
1280 368 1488 411 adhibere
1517 365 1675 410 oblitus
1704 374 1786 409 est.

1469 487 1505 495 .—

1177 560 1346 655 Cap.
1390 559 1476 628 ll.

569 695 730 742 Epicu
752 693 918 741 poesis
941 695 1062 743 quid
1084 696 1313 747 valuerlt,
1329 698 1396 734 acl
1418 694 1794 741 Xenophontem
1819 691 2095 739 quaeritur.

283 744 306 765 r

236 744 289 812 x
309 777 507 821 erissima
538 782 604 819 est
642 774 956 818 Hemsterhusii
985 777 1232 821 observatio
1269 776 1327 819 ad
1357 774 1567 818 Thomam
1597 773 1852 831 Magistrum
1889 787 1930 829 p.
1970 775 2038 815 26.
2078 767 2408 830 Xenophontem

236 858 372 889 voces
401 844 743 899 locutionesque,
761 850 851 884 tum
877 845 1073 899 poeticas
1102 850 1192 886 tum
1222 843 1408 893 doricaS,
1450 854 1633 897 quarum
1661 843 1704 883 in
1733 840 1829 883 aliis
1857 840 2137 895 scriptoribus
2159 840 2328 885 nullum
2356 844 2410 886 sit

237 913 477 967 vestigium,
506 910 545 952 si
572 910 775 953 virtutem
803 911 987 951 orationi
1015 910 1277 965 adJungant,
1317 921 1407 949 non
1434 908 1673 961 aspernari.
1745 906 1922 949 Poetica
1949 905 2167 949 vocabula
2204 921 2260 950 ex
2288 910 2408 952 nullo

238 979 447 1031 scriptore
474 974 605 1032 plura
631 977 841 1019 adnotata
863 988 964 1017 esse
989 989 1127 1030 quam
1156 988 1212 1016 ex
1234 973 1527 1028 Xenophonte
1556 971 1765 1027 exemplis
1792 971 2008 1015 nonnullis
2036 980 2229 1016 veterum
2251 974 2411 1019 lexico-

237 1041 501 1100 graphorum
528 1042 741 1098 appositis
767 1041 894 1084 docet
930 1038 1126 1084 Lobeck.
1168 1040 1226 1082 ad
1255 1038 1416 1096 Phryn.
1457 1053 1500 1094 p.
1536 1041 1606 1080 89.
1635 1051 1703 1095 sq.
1746 1037 1951 1094 Hermog.
1990 1046 2072 1081 art.
2103 1047 2212 1082 orat.
2241 1056 2285 1096 p.
2313 1045 2409 1085 506.

238 1110 308 1153 ed.
334 1107 427 1152 Col.
455 1108 563 1156 ἰ’διον,
593 1108 744 1164 inquIt,
782 1105 1029 1161 Ξενοφὸντος
1059 1111 1129 1150 καὶ
1156 1108 1205 1150 τὸ
1237 1106 1343 1149 καταῖ
1373 1105 1486 1148 πόσα
1514 1103 1762 1158 διαστήματα
1789 1102 1965 1164 χρῆσθαι
1997 1112 2213 1158 ποιητικαῖς
2239 1125 2318 1157 πως
2345 1115 2410 1151 λε’-

236 1176 324 1225 Sem
353 1176 455 1218 πολι)
481 1173 555 1218 τέἶν
583 1170 709 1218 ἄλλων
737 1173 786 1235 τῇ
814 1173 939 1229 φύσει
968 1175 1225 1228 διεστηκυίαις
1253 1172 1404 1222 λέξεων.
1433 1172 1531 1216 Vid.
1551 1171 1764 1229 Krueger.
1785 1173 1844 1216 ad
1870 1173 2012 1217 Anab.
2042 1173 2118 1226 IV,
2149 1177 2191 1225 4,
2223 1169 2292 1218 14.
2322 1177 2409 1220 ind.

238 1260 280 1301 p.
317 1247 414 1288 553.
446 1242 626 1287 Schaef.
659 1243 718 1287 ad
757 1242 942 1301 Gregor.
971 1242 1072 1287 Cor.
1100 1258 1143 1300 p.
1172 1246 1269 1286 62⁰.
1308 1241 1380 1287 all.
1428 1240 1579 1297 Poppo
1615 1239 1750 1297 praef.
1788 1238 1948 1296 Cyrop.
1985 1255 2029 1297 p.
2056 1240 2263 1289 XXXIX.
2300 1244 2415 1288 idem

238 1312 378 1354 Anab.
407 1325 449 1367 p.
478 1310 636 1353 XLIV.
674 1308 844 1352 WVeisk.
873 1318 976 1352 tom.
1005 1311 1038 1351 I.
1067 1325 1109 1366 p.
1138 1310 1252 1352 LXI.
1311 1308 1440 1357 Quod
1467 1321 1556 1350 non
1583 1308 1738 1351 mirum
1775 1308 1946 1351 accidet
1976 1310 2029 1359 ei,
2059 1310 2131 1364 qui
2159 1312 2412 1362 meminerit,

241 1378 439 1421 Graecos
467 1377 545 1420 illa
573 1385 720 1420 aetate
758 1378 881 1431 poesi
914 1378 1039 1432 quasi
1066 1376 1282 1419 helluatos
1321 1389 1421 1419 esse
1458 1382 1501 1417 et
1545 1376 1603 1417 ad
1630 1374 1964 1430 Xenophontem
2001 1376 2271 1430 potissimum
2309 1392 2415 1420 non·

237 1443 361 1488 nulla
390 1458 506 1501 quae
534 1445 720 1499 poetica.
735 1444 964 1486 videantur
991 1457 1019 1485 a
1045 1442 1359 1497 Spartanorum
1379 1457 1464 1486 usu
1491 1443 1731 1485 transiisse.
1789 1442 1837 1484 In
1867 1441 2016 1485 dorica
2044 1450 2188 1487 autem
2216 1447 2416 1488 oratione

242 1528 376 1569 quum
400 1510 538 1555 multa
566 1509 764 1567 vulgaria
792 1511 901 1562 sint,
941 1525 1051 1569 quae
1077 1511 1121 1553 in
1151 1511 1282 1554 attica
1309 1511 1480 1566 poetica
1507 1508 1747 1561 habentur,
1786 1508 1873 1552 hoc
1909 1511 2051 1565 ipsum
2079 1511 2124 1553 iu
2150 1524 2308 1555 caussa
2333 1522 2414 1562 est,

243 1595 322 1626 cur
349 1581 395 1624 in
423 1576 755 1635 Xenophonteis
771 1577 906 1623 ‚libris
931 1577 1059 1635 plura
1094 1592 1225 1634 quam
1264 1578 1307 1621 in
1343 1577 1517 1634 scriptis
1545 1575 1729 1621 aliorum
1758 1577 1988 1622 atticorum
2015 1578 2286 1623 inveniantur
2313 1593 2416 1637 poe-

241 1650 355 1692 ticae
384 1646 590 1690 orationis
615 1646 804 1701 propria.
865 1645 954 1689 Sed
982 1658 1092 1702 quae
1120 1651 1221 1689 sunt
1248 1645 1366 1700 apud
1393 1643 1730 1700 Xenophontem
1766 1645 1916 1701 epicae
1944 1646 2092 1701 poesis
2121 1647 2328 1705 vestigia,
2370 1656 2417 1691 ut

242 1714 314 1759 vel
343 1714 673 1760 numericorum
701 1712 901 1756 locorum
926 1715 1181 1757 imitationes
1208 1712 1411 1770 legantur
1438 1725 1581 1769 neque
1597 1711 1838 1756 locutiones
1860 1712 2134 1765 Homericae,
2163 1713 2261 1758 aliis
2281 1716 2417 1772 scrip-

239 1783 406 1825 toribus
433 1782 679 1833 inusitatae,
709 1794 738 1823 a
756 1781 1056 1837 Xenophontis
1085 1781 1274 1824 dictione
1301 1780 1470 1823 alienae
1497 1781 1598 1833 sint,
1627 1781 1826 1823 videntur
1851 1782 2054 1837 probare,
2086 1782 2254 1836 epicam
2282 1785 2414 1837 potis-

239 1852 399 1892 simum
426 1850 580 1904 poesin
607 1847 800 1890 valuisse
827 1847 987 1904 aliquid
1014 1849 1071 1890 ad
1099 1847 1406 1902 Xenophontis
1437 1847 1669 1890 dictionem
1698 1849 2056 1890 constituendam.

354 1916 618 1965 Quaesitum
664 1915 768 1971 quid
800 1916 925 1970 epica
953 1917 1096 1971 poesis
1135 1924 1180 1958 et
1206 1917 1395 1959 maxime
1420 1914 1636 1957 Homerus
1671 1916 1729 1958 ad
1756 1914 2089 1970 Xenophontem
2118 1917 2351 1970 pertineat,
2390 1933 2416 1960 a

241 1983 428 2027 Socrate
456 1983 712 2027 ordiendum
740 1989 831 2033 est,
871 1997 997 2039 quem
1035 1983 1259 2026 verissime
1288 1981 1465 2025 Homeri
1503 1980 1762 2038 discipulum
1802 1981 2038 2038 appellavit
2074 1980 2159 2025 Dio
2190 1981 2416 2040 Chrysost.

240 2058 337 2093 orat
356 2049 405 2092 L.
434 2066 476 2104 p.
502 2053 601 2094 558.
630 2048 738 2092 οἶλλοέ
765 2047 880 2092 ‘roffi-6
908 2067 954 2100 γε
984 2048 1088 2102 οἶμαι
1118 2048 1214 2091 εἶναι
1246 2053 1381 2101 σαφές,
1411 2052 1449 2090 εἴ
1474 2067 1528 2096 τις
1557 2048 1740 2106 ἔμπειρος
1768 2047 1916 2100 α’μφοῖν
1944 2055 2025 2090 τοῖν
2052 2048 2216 2106 ἀνδροῖν.
2248 2047 2306 2092 ὅτι
2333 2056 2417 2091 Σω-

241 2116 381 2175 κράτης
408 2115 520 2169 τόγε
549 2115 688 2168 οἷληθὲς
716 2114 887 2174 ‘Oe-offatm
913 2117 1083 2168 μαθητὴς
1111 2121 1262 2168 γέγονε.
1325 2115 1454 2164 Quod
1490 2130 1547 2159 ne
1576 2117 1646 2159 cui
1672 2117 1893 2159 venustius
1924 2130 2055 2172 quam
2083 2117 2227 2159 verius
2256 2116 2415 2160 dictum

239 2183 454 2236 Videatur,
493 2184 675 2236 addam,
716 2195 831 2239 quae
860 2197 961 2227 mox
989 2191 1247 2240 sequuntur:
1279 2181 1385 2239 ὑπὲρ
1405 2201 1479 2225 των
1511 2201 1632 2225 αυτων
1660 2181 1942 2236 ἐσπουδαζέτην
1971 2185 2040 2225 καὶ
2068 2187 2261 2235 ἐλεγέτην,
2301 2184 2322 2225 ο
2351 2188 2417 2235 μὲν

240 2250 307 2290 διαὶ
330 2249 395 2301 τῆς
424 2266 629 2304 ποιησευς.
660 2267 681 2293 ο
713 2250 757 2292 δὲ
786 2249 1082 2303 καταλογάδην·
1111 2253 1204 2310 περὶ
1230 2247 1370 2308 οἷρετης
1399 2247 1608 2309 &Spain—w
1637 2252 1705 2292 καὶ
1733 2252 1825 2308 περὶ
1861 2252 1999 2299 κακίας
2039 2254 2108 2293 καὶ
2132 2249 2418 2309 anagnini-rav

243 2322 312 2359 καὶ
351 2317 663 2404 κατορθωμάτων
702 2322 772 2360 καὶ
810 2321 903 2376 περὶ
940 2317 1120 2369 ἀληθείας
1165 2321 1232 2359 καὶ
1260 2316 1432 2369 οἰπατης.
1473 2321 1542 2360 καὶ
1571 2316 1670 2366 ὅπως
1699 2316 1928 2372 δοξάζουσιν
1967 2319 2001 2360 oi
2028 2321 2173 2361 πολλοὶ
2211 2322 2279 2362 καὶ
2317 2320 2416 2368 ὅπως

240 2389 464 2428 ἐπίστανται
497 2390 530 2429 o‘
556 2385 754 2445 φρόνιμοι.
815 2386 958 2435 Quam
985 2386 1233 2443 philosophi
1262 2394 1305 2429 et
1333 2394 1488 2441 poetae
1518 2387 1867 2442 conjunctionem
1896 2400 2027 2442 quum
2056 2385 2128 2430 vel
2156 2386 2314 2431 artifex
2343 2402 2417 2431 ex-

240 2454 450 2509 presserit
477 2454 520 2496 in
547 2461 826 2497 monumento
854 2454 1046 2510 antiquo,
1076 2455 1199 2510 cujus
1229 2456 1272 2496 in
1301 2453 1440 2496 altera
1466 2460 1592 2509 parte
1619 2452 1836 2496 Homerus
1865 2465 1920 2495 ex
1948 2453 2235 2508 Mnemosyne
2264 2458 2416 2498 carmi-

240 2534 298 2562 na
320 2533 404 2563 sua
432 2521 667 2577 accipiens,
695 2522 739 2562 in
767 2520 908 2564 altera
938 2519 1106 2564 effictus
1133 2528 1228 2563 erat
1257 2520 1477 2573 SocrateS,
1506 2534 1603 2571 cum
1632 2519 1822 2564 Eratone
1848 2519 1978 2564 Musa
2006 2519 2283 2578 colloquens,
2317 2536 2416 2577 ope—

242 2601 320 2630 rae
345 2588 530 2642 pretium
556 2595 624 2630 est
651 2588 815 2639 videre,
846 2602 959 2645 quae
987 2589 1099 2640 inter
1126 2596 1356 2644 poetarum
1376 2589 1612 2644 principem
1642 2595 1684 2629 et
1711 2586 2013 2644 philosophiae
2041 2598 2209 2644 patrem
2237 2591 2417 2633 interce-

244 2654 319 2695 dat
344 2653 589 2697 similitudo.
649 2653 832 2697 Constat
860 2664 1004 2698 autem
1034 2656 1262 2699 Socratem
1302 2662 1345 2696 et
1372 2655 1531 2697 multas
1560 2657 1794 2697 sententias
1808 2685 1823 2705 ,
1861 2669 1947 2710 quo
1977 2657 2153 2710 gravius
2182 2671 2294 2711 quae
2322 2660 2416 2712 ipse

242 2720 435 2764 traderet
460 2729 697 2776 praecepta
726 2721 949 2777 discipulis
969 2722 1225 2773 inculcaret,
1255 2729 1298 2764 et
1324 2736 1438 2777 quae
1465 2722 1547 2765 sibi
1574 2721 1755 2777 aliisque
1777 2720 1980 2764 imitanda
2011 2732 2272 2777 proponeret
2291 2738 2416 2780 spec-

242 2795 361 2832 tatae
387 2788 555 2829 virtutis
579 2787 783 2842 exempla
822 2802 876 2831 ex
905 2788 1096 2832 Homero
1123 2789 1393 2844 repetivisse.
1467 2788 1566 2832 Duo
1595 2798 1748 2832 autem
1769 2788 2038 2843 potissimum
2065 2798 2165 2832 sunt
2194 2804 2250 2833 ex
2279 2791 2418 2833 heroi·

243 2858 327 2899 bus
356 2853 625 2904 HomericiS,
661 2866 774 2909 quos
808 2854 942 2897 duces
975 2856 1021 2897 in
1060 2856 1234 2911 agendo
1271 2857 1394 2911 sequi
1432 2855 1568 2899 voluit
1596 2856 1828 2905 Socrates,
1870 2868 2052 2910 quorum
2082 2855 2194 2899 alter
2219 2857 2417 2900 Achilles

243 2921 474 2978 pulchram
512 2927 696 2963 mortem
736 2921 1046 2978 ignominiosae
1081 2924 1197 2966 vitae
1235 2921 1567 2978 praeferendam
1606 2935 1708 2965 esse
1746 2922 1956 2973 ostendit,
1996 2922 2109 2965 alter
2145 2922 2332 2980 Ulysses
2366 2934 2416 2967 ut

245 2988 386 3031 studio
415 2995 460 3031 et
486 2985 641 3031 labore
669 2987 714 3031 id
743 2987 862 3044 quod
889 2987 1000 3031 velis
1032 2990 1239 3046 consequi
1277 2990 1421 3045 possis
1449 2989 1650 3045 exemplo
1684 2989 1991 3044 comprobavit.
2049 2989 2199 3046 Itaque
2226 2989 2416 3034 laudavit

246 3068 347 3099 eum
381 3054 589 3099 Socrates
625 3061 803 3112 propter
838 3057 1164 3112 temperantiam
1193 3065 1237 3101 et
1274 3057 1600 3109 abstinentiam,
1639 3070 1728 3113 qua
1762 3070 1868 3113 prae
1905 3058 2036 3101 sociis
2068 3058 2161 3101 suis
2199 3056 2414 3112 excelluit,

247 3136 379 3181 quum
409 3120 534 3167 Circe
560 3124 724 3168 artibus
752 3124 843 3168 suis
871 3136 948 3167 eos
977 3121 1129 3169 fallere
1155 3124 1308 3178 vellet,
1350 3127 1395 3169 in
1422 3125 1554 3169 Mem.
1587 3124 1628 3177 1,
1667 3127 1708 3177 3,
1738 3127 1776 3168 7.
1818 3123 1889 3170 cll.
1918 3124 2078 3182 Odyss.
2108 3128 2178 3178 1⁰,
2207 3127 2290 3169 280
2317 3140 2413 3183 sqq.
