2623 3802
914 700 1668 762 Quaestionum

268 880 989 1017 dialecto
1112 802 2325 999 xenophontes}

1074 1028 1263 1084 capita
1298 1022 1516 1071 selecta

1237 1115 1349 1152 edidit

753 1193 1054 1264 Carolus
1096 1184 1479 1263 Gnatavus·
1508 1197 1843 1264 Heiland.

1042 1421 1134 1428 -—

1164 1560 1347 1658 Cap.>
1401 1567 1451 1634 Ι.

615 1715 1017 1759 Βοιιοοιιίιιιιίο
1039 1720 1255 1775 anianae
1278 1720 1484 1758 doricae
1506 1720 1714 1758 «11⁸1oess
1740 1721 1979 1769 vestigiis.

219 1769 401 1858 Neque
428 1801 544 1857 apud
571 1809 742 1843 veteres
769 1812 912 1855 neque
931 1807 1082 1842 nostra
1109 1806 1252 1841 aetate
1279 1797 1519 1849 dehuel-unt,
1549 1799 1624 1854 qui
1655 1812 1786 1855 quam
1812 1799 1983 1842 laudem
2010 1800 2204 1843 nonnulli
2230 1802 2375 1845 Xeno-

219 1868 393 1923 phontis
420 1868 591 1910 dictioni
618 1868 871 1918 tribuerunt,
899 1874 947 1908 ut
975 1867 1132 1918 atticae
1157 1866 1251 1921 apis
1277 1866 1450 1908 nomine
1476 1877 1577 1908 eum
1602 1865 1779 1922 dignum
1795 1864 2017 1917 haberent,
2044 1868 2176 1910 variis
2195 1871 2376 1911 notatio-

218 1937 344 1978 nibus
367 1935 608 1978 detrectare
636 1933 871 1977 studerent.
926 1933 1023 1976 Jam
1052 1933 1139 1978 alio
1168 1931 1268 1976 loco
1296 1932 1448 1975 miram
1466 1931 1769 1988 Xenophontis
1795 1941 1955 1977 sortem
1975 1942 2236 1991 conquestus
2263 1949 2373 1988 sum,

220 2016 349 2058 quem
378 2016 509 2059 quum
540 2007 632 2045 tota
658 1999 751 2046 fere
779 2001 1010 2058 antiquitas
1038 2000 1272 2045 admiretur
1299 2000 1563 2043 recentiores
1590 2000 1672 2043 viri
1700 2000 1815 2044 docti
1834 2007 1878 2044 et
1904 2000 2043 2046 multis
2073 2003 2373 2048 criminationi-

222 2070 304 2113 bu‘s
330 2074 535 2113 ‘notarunt
563 2077 607 2111 et
634 2081 689 2112 ea
716 2066 950 2112 affecerunt
979 2069 1148 2125 injuria,
1178 2074 1223 2110 ut
1251 2066 1409 2110 multos
1445 2066 1580 2111 libros
1618 2069 1791 2111 nomine
1817 2068 2115 2125 Xenophontis
2144 2072 2375 2127 inscriptos

219 2139 276 2181 ab
304 2151 358 2180 eo
385 2136 695 2192 abjudicarent.
751 2136 846 2179 Nec
873 2135 1062 2190 poenitet
1088 2147 1157 2178 me
1176 2147 1337 2187 eorum,
1367 2148 1480 2191 quae
1509 2141 1552 2178 et
1578 2134 1637 2179 ad
1658 2133 1971 2180 defendendam
1997 2138 2210 2181 sentiendi
2227 2138 2373 2184 Xeno-

221 2204 392 2260 phontis
432 2203 643 2247 rationem
681 2209 724 2246 et
761 2202 819 2246 ad
857 2201 1129 2259 probandam
1156 2198 1350 2259 Agesilai
1387 2199 1648 2246 authentiam
1680 2202 1724 2245 in
1751 2201 1933 2246 editione
1960 2203 2133 2258 protuli.
2190 2203 2374 2249 Tantum

220 2279 364 2314 autem
391 2271 528 2323 abest',
556 2277 604 2313 ut
631 2270 688 2314 ab
718 2282 770 2313 eo
800 2270 996 2322 crimine,
1032 2269 1077 2312 in
1106 2268 1222 2325 quod
1251 2268 1479 2313 dictionem
1505 2266 1810 2326 Xenophontis
1837 2277 2067 2322 vocarunt,
2109 2283 2205 2313 eum
2233 2280 2372 2316 tutum

224 2344 464 2393 praestem,
502 2345 550 2380 ut
578 2334 882 2393 explicandum
908 2334 1012 2378 mihi
1041 2336 1363 2392 proposuerim,
1400 2335 1513 2379 unde
1532 2336 1642 2379 mira
1668 2334 1745 2379 illa
1772 2335 1938 2379 dicendi
1964 2337 2097 2387 ratio,
2126 2338 2168 2379 in
2194 2352 2281 2394 qua
2307 2340 2372 2382 in-

222 2406 451 2447 veniantur
479 2404 666 2447 omnium
692 2402 784 2447 fere
812 2402 1093 2446 dialectorum
1119 2403 1326 2460 vestigia,
1366 2410 1461 2446 orta
1487 2403 1556 2446 sit.
1613 2400 1837 2446 Helladius
1864 2402 2034 2457 quidem
2063 2406 2373 2458 grammaticus

221 2474 398 2514 mixtam
427 2470 726 2523 Xenophontis
759 2470 992 2513 dialectum
1018 2470 1117 2512 inde
1144 2469 1366 2524 explicare
1392 2470 1565 2520 studuit,
1602 2469 1719 2523 quod
1747 2470 1819 2512 diu
1850 2471 1958 2512 inter
1984 2471 2199 2521 barbaros
2226 2486 2373 2516 versa-

221 2545 292 2582 tus
320 2543 448 2581 esset.
505 2533 681 2580 Maximi
709 2543 854 2580 autem
880 2535 1083 2580 momenti
1111 2535 1168 2580 ad
1194 2535 1422 2581 dictionem
1450 2533 1751 2591 Xenophontis
1779 2533 1913 2580 {uisse
1939 2534 2035 2591 ejus
2065 2549 2163 2580 cum
2193 2536 2372 2593 Sparta-

222 2605 289 2647 nis
318 2602 672 2647 consuetudinem
708 2609 751 2645 et
781 2600 972 2647 Haasius
1011 2600 1154 2646 multis
1189 2601 1300 2648 locis
1334 2604 1380 2646 in
1416 2600 1599 2646 editione
1636 2600 1898 2657 reipublicae
1929 2600 2374 2650 Lacedaemoniorum

221 2669 528 2714 demonstravit
555 2675 598 2713 et
618 2666 735 2714 facili
758 2667 930 2727 negatio
968 2680 1025 2712 ex
1060 2667 1236 2727 reliquis
1272 2669 1444 2727 scriptis
1479 2668 1652 2726 probari
1687 2673 1839 2725 potest.
1892 2688 1894 2690 ·
1918 2668 2068 2727 ltaque
2108 2668 2373 2726 Laconismi‚

222 2740 347 2795 cujus
374 2738 417 2779 in
445 2737 653 2780 sentiendi
681 2744 724 2779 et
751 2736 969 2795 cogitandi
995 2735 1162 2779 ratione
1189 2737 1519 2794 Xenophontem
1546 2737 1821 2787 incusanmt‚
1860 2735 1932 2778 vel
1969 2737 2015 2778 in
2052 2740 2267 2782 sermonis
2293 2752 2374 2783 usu

221 2805 355 2848 multa
381 2812 481 2845 sunt
512 2809 778 2864 argumenta.
836 2803 1106 2859 Quamquam
1134 2806 1178 2846 in
1205 2804 1292 2848 hac
1313 2804 1563 2862 quaestione
1587 2816 1675 2846 non
1702 2811 1770 2846 est
1790 2803 2082 2856 omittendum,
2111 2805 2373 2863 Xenophon·

221 2880 321 2922 tem,
351 2884 480 2926 quum
508 2872 644 2913 multa
672 2872 728 2913 de
765 2873 895 2913 rebus
932 2872 1065 2926 gestis
1092 2872 1382 2927 institutisque
1409 2870 1594 2927 publicis
1618 2871 1932 2926 Spartanorum
1971 2875 2244 2924 exposuerit,
2282 2887 2371 2914 non

220 2940 424 2992 potuisse,
454 2940 554 2992 quin
578 2939 866 2981 locutionibus
887 2936 1199 2994 vocabulisque
1215 2938 1527 2993 Spartanorum
1540 2940 1726 2994 propriis
1742 2945 1949 2987 uteretur,
1969 2950 2102 2992 saepe
2119 2946 2278 2991 tamen,
2297 2942 2371 2983 ubi

220 3004 304 3046 alio
323 3005 492 3048 dicendi
513 3018 678 3061 genere
696 3006 758 3048 uti
775 3004 907 3056 licuit,
936 3003 1069 3047 multa
1084 3003 1302 3060 leguntur,
1320 3018 1434 3060 quae
1450 3006 1494 3047 in
1510 3007 1756 3049 sermonem
1776 3006 1869 3059 ejus
1884 3004 1941 3045 ab
1957 3001 2030 3045 illo
2050 3002 2370 3059 Spartanorum

219 3084 301 3113 usu
337 3075 617 3129 irrepserunt.
695 3071 840 3120 Quum
878 3085 983 3115 vero
1029 3084 1169 3127 pauca
1206 3077 1372 3114 tantum
1413 3069 1599 3113 laconici
1640 3071 1850 3116 sermonis
1884 3067 2130 3126 fragmenta
2175 3081 2369 3117 aetatem

218 3137 413 3190 tulerint,
451 3139 565 3182 hanc
604 3140 897 3196 quaestionem
946 3136 1235 3184 difficillimam
1278 3150 1377 3182 esse
1421 3144 1613 3194 apparet.
1669 3135 1765 3183 Huc
1799 3135 1914 3181 valet
1948 3145 2094 3182 autem
2132 3141 2366 3184 auctoritas
