2623 3802
1113 98 1517 197 «ιέαιεωιι»

234 265 364 316 Quod
391 266 593 322 probavit
621 263 816 323 ejusdem
852 260 933 303 viri
971 261 1207 315 rationem,
1251 276 1338 319 qua
1367 262 1659 320 demagogos,
1701 245 1886 316 quorum
1915 259 2033 304 nulla
2071 268 2190 305 esset
2228 260 2399 315 utilitas,

150 347 158 358 ·
231 335 463 390 castigavit
487 333 635 385 (Mem.
664 331 697 381 1,
726 332 768 380 2,
795 330 865 369 58.
892 327 964 371 cll.
992 328 1039 371 11.
1069 333 1110 382 2,
1144 332 1384 372 188-198.
1414 331 1486 386 qui
1510 342 1667 373 versus
1694 328 1753 370 ibi
1781 328 1995 381 citantur),
2035 329 2134 373 inde
2159 328 2231 373 vel
2260 330 2400 373 crimi-

230 402 414 441 nationis
441 412 644 442 caussam
672 395 935 449 repetierunt
961 398 1134 437 inimici.
1192 396 1339 450 Atque
1367 397 1462 453 eJus
1489 396 1766 454 eloquentiae
1791 393 1976 445 laudem,
2007 409 2117 450 quae
2135 397 2403 453 persuadeat

231 469 502 510 audientibus
534 476 676 518 neque
703 476 731 503 a
758 463 828 504 via
856 465 1043 513 aberret,
1072 464 1265 505 maxime
1295 462 1444 519 Ulyssi
1472 464 1640 514 tribuit,
1679 470 1726 503 ut
1754 460 1933 513 οἶσφαλεῖ
1960 460 2098 519 ῥήτορι.
2142 464 2294 517 (Mem.
2323 463 2400 518 lv,

230 539 273 584 6,
305 538 369 576 15.
401 531 472 576 cll.
524 530 682 585 Odys&
710 532 752 580 8,
783 532 876 572 171.
906 544 971 584 sq.
1016 527 1064 570 ΙΙ.
1094 532 1137 579 3,
1168 531 1249 571 221
1265 530 1461 584 -223.).
1524 529 1836 590 Fortitudinem
1866 536 2012 571 autem
2041 537 2085 570 et
2113 532 2400 573 constantiam

231 602 373 653 animi,
402 599 474 656 qui
500 595 670 642 Achille
697 596 852 642 melius
880 595 1243 652 comprobaverit,
1288 611 1421 653 quum
1447 610 1576 640 nemo
1605 598 1672 651 sit,
1701 612 1789 642 non
1818 604 1886 640 est
1912 595 2084 648 mirum,
2108 596 2226 653 quod
2253 598 2399 654 optimi

231 672 388 728 quique
415 671 513 711 euin
536 665 736 711 aemulati
760 671 882 715 sunt3
911 670 957 707 ut
981 662 1250 716 Alexander,
1296 663 1644 721 Epaminondas,
1684 664 1755 710 alii
1782 679 1865 709 sua
1894 664 2080 722 quisque
2105 665 2274 708 ratione
2301 679 2398 709 eam

234 738 419 787 laudem,
451 735 576 791 cujus
602 744 864 790 praeconem
892 730 1134 776 fortunatus
1161 731 1235 775 ille
1263 731 1523 777 adolescens
1549 732 1783 776 Homerum
1809 733 2047 784 invenerat,
2078 732 2288 789 consequi
2314 739 2399 776 stu-

233 807 429 854 duerunt,
458 802 517 844 ita
543 799 791 856 exemplum
816 800 911 857 ejus
940 799 1113 843 Socrati
1141 800 1187 842 in
1215 801 1365 844 mortis
1393 800 1587 857 periculo
1611 801 1939 853 obversabatur,
1968 815 2098 857 quum
2124 798 2300 843 Achille
2326 812 2404 843 ne-

231 885 301 913 mo
329 867 480 911 fortius
507 876 692 911 mortem
720 860 1008 922 oppetivisset.
1074 866 1173 908 Vid.
1203 866 1373 910 Platon.
1402 867 1531 923 Apol.
1561 881 1600 910 c.
1629 865 1748 910 XVI.
1778 882 1819 923 p.
1851 870 1918 912 28.
1949 866 1998 909 C.
2046 866 2179 909 Crito.
2206 864 2244 910 c.
2272 865 2323 908 11.
2353 881 2397 921 p.

231 941 299 979 41.
339 936 389 978 Β
428 945 472 979 et
507 949 620 992 quae
651 934 872 976 adnotavit
908 934 966 975 ad
997 941 1224 988 utrumque
1264 934 1411 977 locum
1446 936 1489 977 in
1524 935 1726 978 versione
1755 936 2028 989 germanica,
2063 934 2172 975 libro
2201 934 2400 989 egregio,

230 1001 447 1046 Nuesslin.
503 1001 626 1045 Alios
655 1012 828 1056 quoque
856 998 1014 1042 heroes
1041 998 1296 1043 Homericos
1325 1000 1480 1063 dignos
1508 1000 1717 1044 habuisse
1747 1000 1988 1053 Socratem,
2017 1014 2126 1057 quos
2155 1001 2400 1056 quicunque

233 1070 334 1113 boni
364 1070 552 1113 evadere
579 1065 741 1112 vellent
765 1067 1043 1118 imitarentur,
1074 1074 1117 1109 et
1145 1080 1202 1109 ex
1225 1061 1420 1110 Platonis
1444 1075 1561 1111 etex
1583 1066 1889 1123 Xenophontis
1916 1068 2088 1123 scriptis
2107 1067 2397 1125 cognoscitur.

233 1134 298 1179 Cs.
328 1136 530 1194 SympoS.
559 1138 602 1186 4,
629 1138 671 1178 6.

343 1203 519 1247 Homeri
547 1202 784 1246 sententias
805 1200 977 1245 solebat
998 1200 1207 1245 Socrates
1236 1202 1280 1244 in
1309 1202 1567 1258 disputando
1594 1179 1779 1246 laudare
1806 1209 1850 1245 et
1877 1201 2097 1258 explicare
2125 1210 2169 1245 et
2196 1213 2284 1259 quo
2311 1213 2400 1244 me·

230 1271 314 1314 lius
339 1284 421 1313 sua
446 1271 583 1326 ipsius
603 1275 838 1325 praecepta
866 1266 1087 1323 discipulis
1115 1269 1324 1323 probaret
1351 1269 1408 1310 ad
1435 1269 1735 1312 auctoritatem
1761 1270 1857 1325 ejus
1885 1267 2130 1326 confugere.
2166 1268 2295 1312 Mem.
2325 1266 2399 1319 111,

231 1341 273 1388 2,
302 1340 340 1378 2.
371 1336 465 1390 (cll.
495 1336 645 1393 Symp.
673 1340 716 1387 4,
744 1338 807 1391 6.)
836 1335 1024 1391 explicat
1051 1348 1228 1377 versum
1256 1334 1556 1386 Homericum,
1597 1335 1652 1376 de
1680 1334 2010 1390 Agamemnone
2041 1336 2220 1388 dictum,
2261 1333 2398 1388 ἐμφό-

232 1422 354 1462 regau,
384 1402 568 1456 βασιλεύς
594 1402 628 1445 τ’
657 1401 804 1455 dyas&
835 1401 1021 1460 κρατερός
1049 1400 1084 1444 τ’
1113 1399 1316 1454 αἰχμητής.
1345 1401 1411 1455 (ll.
1439 1406 1481 1453 3,
1506 1403 1645 1456 179),
1676 1416 1804 1458 quem
1831 1403 1987 1445 dicitur
2013 1402 2266 1446 Alexander
2292 1416 2400 1459 prae

231 1474 387 1521 ederis
415 1474 459 1516 in
487 1471 650 1516 deliciis
677 1469 899 1522 habuisse,
930 1479 973 1513 et
997 1469 1157 1512 ibidem
1186 1469 1225 1526 ς.
1256 1473 1296 1512 1.
1325 1474 1490 1522 ποιμένα
1517 1467 1619 1510 anzi·
1659 1483 1717 1512 ex
1744 1468 1792 1511 11.
1822 1472 1864 1520 2,
1895 1472 1989 1511 143.
2039 1467 2104 1511 Cf.
2132 1470 2327 1522 Mem’l,
2354 1473 2397 1521 2,

230 1544 303 1584 32.
331 1541 405 1584 ubi
434 1555 533 1585 cum
561 1537 757 1583 bubulcis
784 1537 872 1587 τούς
899 1535 1121 1596 προστάτας
1147 1534 1212 1589 τῆς
1238 1535 1389 1587 πόλεως
1417 1538 1698 1593 comparavit.
1754 1535 1882 1580 Unde
1905 1536 2151 1594 Xenophon
2172 1538 2217 1581 in
2239 1536 2398 1595 Cyrop.

231 1607 345 1659 VlII,
374 1610 416 1660 2,
446 1611 513 1651 14.
544 1607 672 1658 dixit,
710 1604 970 1664 παραπλήσιοι
1001 1604 1098 1663 ἔργα
1128 1604 1222 1647 εἶναι
1248 1609 1386 1658 νομέως
1416 1603 1567 1657 οἷγαθοῧ
1605 1608 1675 1647 καὶ
1704 1607 1890 1657 βασιλέως
1918 1604 2070 1658 abraso?
2108 1603 2176 1648 cll.
2214 1605 2248 1657 1,
2287 1609 2326 1658 1,
2355 1608 2395 1648 2.

231 1674 301 1718 De
327 1676 657 1733 Agamemnone
683 1674 769 1717 vid.
798 1672 930 1717 Mem.
951 1672 1023 1725 ΙΙΙ,
1055 1676 1095 1724 1,
1127 1676 1194 1716 14.
1232 1696 1287 1704 -
1316 1672 1461 1721 Quum
1490 1672 1544 1715 de
1578 1671 1715 1732 ἔρωτος
1742 1681 1897 1717 natura
1923 1674 2034 1716 inter
2060 1673 2268 1716 convivas
2296 1671 2395 1716 Cal-

231 1743 318 1787 liae
347 1743 554 1786 Socrates
585 1743 837 1799 disputaret,
880 1739 1089 1796 exemplis
1118 1739 1360 1783 Homericis
1387 1753 1493 1783 usus
1522 1748 1591 1783 est
1614 1749 1659 1784 et
1687 1754 1801 1798 quae
1828 1742 1908 1784 sibi
1933 1742 2181 1784 viderentur
2208 1742 2263 1783 de
2289 1739 2394 1783 libe-

233 1810 314 1852 rali
343 1818 387 1852 et
412 1812 602 1866 ingenuo
629 1821 804 1859 amore,
843 1809 916 1864 qui
941 1820 1031 1849 non
1059 1807 1254 1863 corporis
1280 1805 1617 1862 pulchritudine,
1655 1808 1738 1850 sed
1761 1809 1877 1850 bona
1906 1808 2034 1850 animi
2059 1807 2207 1850 indole
2232 1807 2393 1850 excita-

233 1885 373 1929 retur,
407 1878 608 1932 exposuit
636 1874 835 1931 exemplo
864 1874 1072 1926 Achillis,
1115 1883 1157 1917 et
1184 1873 1434 1917 fidelissima
1461 1876 1649 1919 amicitia
1676 1874 1881 1918 Patroclo
1909 1878 2123 1933 conjuncti
2163 1876 2390 1932 (Sympos-

230 1948 274 1996 8,
296 1948 365 1989 31.
394 1943 464 1987 cll.
503 1942 550 1986 ΙΙ.
581 1946 650 1996 18,
677 1943 777 1999 98.)
815 1949 859 1985 et
886 1940 1174 1993 Phoenicem,
1212 1942 1286 1997 qui
1313 1955 1426 1998 quae
1453 1942 1633 1986 deberet
1659 1944 1805 1987 verbis
1832 1951 1876 1986 et
1903 1941 2031 1986 factis
2059 1945 2183 2001 sequi
2212 1941 2395 1987 consilia

233 2012 477 2060 docuisset,
506 2012 576 2065 pie
604 2009 785 2061 colentis
828 2009 1000 2065 (Symp.
1028 2013 1070 2060 8,
1100 2012 1169 2051 23.
1199 2007 1269 2050 cll.
1298 2008 1347 2050 11.
1375 2013 1416 2050 9.
1444 2010 1563 2063 443.)
1613 2009 1776 2051 Ibidem
1806 2013 1864 2053 de
1893 2010 2144 2067 Ganymede
2171 2011 2394 2052 disserens

232 2077 468 2120 Homerum
495 2077 689 2132 respicit,
718 2076 901 2119 nominis
929 2074 1214 2131 explicatione
1244 2089 1299 2117 ex
1326 2074 1402 2117 illo
1426 2073 1542 2118 fonte
1570 2077 1768 2131 repetita.
1837 2078 1977 2126 Quem
2004 2077 2151 2120 locum
2183 2077 2394 2133 intelligat

233 2143 479 2199 Xenophon
507 2144 703 2187 dubitant
729 2144 808 2185 viri
836 2143 962 2185 docti.
1027 2141 1098 2184 Ad
1125 2143 1263 2186 verba
1290 2141 1448 2193 γάνυται
1477 2142 1518 2183 δέ
1545 2141 1578 2183 τ’
1606 2141 1786 2192 ἄκου’-ιν,
1826 2145 1942 2201 quod
1962 2142 2276 2186 hemistichium
2303 2157 2392 2185 non

236 2218 377 2254 exstat
398 2212 443 2254 in
470 2202 648 2255 Homeri
677 2209 963 2260 carminibuS‚
1002 2206 1116 2252 conf.
1145 2208 1191 2252 ΙΙ.
1225 2211 1291 2262 13,
1320 2212 1414 2253 493.
1442 2212 1521 2261 20,
1558 2213 1655 2254 405.
1696 2218 1739 2254 et
1766 2212 1823 2256 ad
1851 2212 2075 2268 sequentia
2103 2207 2242 2252 mmai
2273 2214 2393 2267 φρεσὶ

238 2277 365 2331 μήδεα
393 2277 504 2327 εἰδώς·
527 2271 577 2321 ll.
604 2280 671 2328 17,
699 2279 795 2328 325.
833 2277 905 2319 ubi
935 2276 1019 2319 vid.
1050 2276 1289 2332 Spitzner.,
1328 2278 1401 2335 qui
1429 2276 1762 2334 Xenophontem
1789 2285 1864 2323 aut
1889 2276 2119 2321 Homerica
2146 2277 2396 2320 memoriter

237 2346 431 2390 attulisse
460 2353 535 2389 aut
561 2359 661 2389 cum
690 2344 806 2397 aliiS,
846 2353 892 2387 ut
928 2348 998 2396 24,
1026 2348 1122 2387 282.
1146 2348 1244 2388 674.
1282 2344 1441 2402 Odyss.
1472 2349 1538 2397 19,
1567 2348 1665 2390 353.
1700 2347 2002 2402 permiscuisse
2029 2346 2257 2390 existimat.
2323 2345 2394 2388 De

236 2414 477 2471 allegorica
504 2411 832 2455 Homericorum
876 2412 1112 2455 carminum
1148 2413 1519 2468 interpretatione,
1552 2425 1665 2467 quae
1701 2413 1895 2457 Socratis
1931 2419 2074 2455 aetate
2109 2413 2394 2464 tractabatur,

236 2482 337 2537 quid
365 2483 459 2538 ipse
487 2480 673 2542 senserit
698 2487 879 2535 apparet
907 2492 961 2521 ex
991 2478 1137 2536 Symp.
1166 2482 1209 2532 3,
1239 2484 1280 2522 6.
1324 2480 1538 2523 Interdum
1567 2482 1696 2525 etiam
1724 2481 1852 2526 animi
1880 2492 2041 2524 caussa
2062 2477 2149 2522 loci
2177 2478 2395 2524 Homerici

236 2550 422 2591 citantur
447 2549 504 2590 ad
532 2549 771 2589 orationem
792 2547 1097 2602 jucundiorem
1126 2553 1168 2605 et
1196 2547 1446 2588 vividiorem
1472 2547 1753 2601 reddendam,
1791 2555 1836 2589 ut
1863 2549 1907 2588 in
1937 2546 2087 2603 Symp.
2115 2550 2158 2598 4,
2186 2551 2228 2592 6.
2258 2561 2316 2591 ex
2345 2548 2392 2591 ΙΙ.

234 2619 304 2664 23,
333 2617 536 2669 335sqq.
566 2615 666 2656 ibid.
695 2613 735 2670 §-
764 2614 952 2655 7exll.
981 2618 1023 2663 9,
1052 2617 1148 2655 631.
1180 2613 1220 2669 ξ.
1248 2616 1317 2654 45.
1358 2613 1589 2663 11.9‚122.
1618 2618 1711 2655 264.
1740 2614 1869 2656 Mem
1899 2613 1953 2663 Π,
1977 2617 2021 2663 6,
2052 2617 2120 2653 11.
2151 2615 2395 2671 edeyss.

236 2684 302 2724 12.
335 2682 428 2722 184.
490 2679 615 2727 Quae
648 2679 844 2723 Socratis
875 2680 930 2721 sit
967 2693 1066 2721 cum
1094 2677 1286 2722 Homero
1324 2678 1510 2722 affinitas
1547 2687 1590 2721 et
1626 2688 1789 2735 quanta
1819 2694 1917 2722 cum
1944 2678 2167 2734 voluptate
2194 2692 2397 2727 versetur

235 2750 278 2790 in
309 2747 606 2790 communione
633 2745 808 2790 illorum
836 2747 1038 2796 virorum,
1067 2760 1178 2801 quos
1206 2746 1419 2790 Homerus
1446 2746 1650 2798 celebrat,
1678 2755 1799 2803 patet
1825 2749 1955 2790 etiam
1983 2761 2038 2789 ex
2065 2748 2256 2805 Apolog.
2283 2750 2395 2793 Xen.

235 2814 274 2870 ᾗ.
305 2816 373 2856 32.
404 2811 509 2853 οἶλλοὶ
538 2817 680 2864 μέντοι.
713 2812 835 2864 Φοίνοιι
865 2810 990 2860 αὐτόν,
1020 2811 1188 2863 ἐνέθηκε
1218 2817 1286 2864 μὲν
1315 2817 1384 2855 καὶ
1405 2811 1569 2870 ’Όμηρος
1595 2812 1704 2856 ε”στιν
1733 2815 1782 2863 οἷς
1810 2813 1882 2857 τῧν
1910 2821 1945 2855 ἐν
1975 2815 2187 2856 κατα-λύσει
2217 2816 2284 2860 τοῦ
2311 2820 2396 2867 βίον

234 2878 540 2938 προγιγνώσκειν
568 2880 622 2921 τοὶ
651 2883 863 2932 μέλλοντα·
905 2879 1090 2933 βούλομαι
1127 2880 1172 2920 δὲ
1205 2883 1280 2921 ’καὶ
1315 2881 1391 2932 ἐγῶ
1427 2879 1714 2938 χρησμωδῖσαί
1737 2900 1785 2924 τι.
1856 2879 1922 2923 Cf.
1952 2880 2063 2923 Plat.
2092 2881 2220 2936 Apol.
2254 2898 2297 2938 p.
2325 2886 2396 2927 39.

236 2944 284 2987 C.
314 2945 385 2989 cll.
413 2945 539 2988 Hom.
569 2945 617 2988 11.
649 2949 717 2999 16,
745 2948 845 2989 852.
874 2950 944 2999 22,
969 2951 1063 2991 360.
1119 2945 1367 3002 Xenophon
1395 2955 1539 2989 autem
1568 2949 1752 2992 eandem
1780 2947 1923 2992 futura
1947 2949 2230 3003 praevidendi
2256 2949 2397 2995 facul·

233 3018 364 3055 tatem
391 3013 597 3057 morituro
627 3010 766 3071 Cyro,
806 3028 937 3070 quem
966 3015 1024 3060 ad
1053 3013 1248 3058 Socratis
1277 3011 1518 3070 exemplum
1548 3015 1799 3072 descripsit,
1830 3016 1974 3059 tribuit
2011 3017 2055 3060 in
2084 3015 2246 3075 Cyrop.
2281 3018 2394 3070 Vm,

232 3083 274 3131 7,
303 3082 370 3123 21.
