2623 3802
1131 179 1538 254 *1⁶*

246 320 316 377 qui
343 318 418 362 ubi
444 303 659 373 quaedam
688 312 921 356 similitudo
947 315 1057 357 inter
1079 317 1191 359 duos
1218 318 1342 360 locos
1364 319 1432 368 sit,
1462 325 1690 371 tantopere
1708 316 2042 373 Xenophontem
2067 319 2439 364 antecedentium.

243 387 426 443 vestigia
452 381 668 439 pressisse
695 388 900 432 statuam,
927 389 974 423 ut
998 388 1162 425 textum
1190 398 1395 440 graecum
1417 384 1519 426 inde
1541 384 1891 428 constituendum
1911 398 2010 428 esse
2031 397 2253 439 censeam,
2278 401 2413 444 quum

243 452 405 496 similes
428 449 668 492 sententiae
695 461 830 502 saepe
856 461 909 489 ex
938 447 1081 490 multis
1109 451 1394 504 scriptoribus
1422 448 1607 506 proferri
1632 452 1815 504 possint,
1855 460 1902 494 ut
1928 465 2039 507 quos
2067 456 2310 507 respexerit
2337 469 2415 497 au-

245 529 338 564 otor
364 518 624 572 ambigatur.
654 513 844 557 Zeunius
863 515 1034 569 quidem
1062 517 1107 558 in
1135 515 1265 559 Mem.
1286 516 1431 569 111,9,
1465 520 1530 559 12.
1559 515 1623 558 ἓοίν
1650 535 1704 565 τις
1732 515 1785 572 τᾷ
1813 518 1857 558 εὖ
1886 524 2032 570 λέγοντι
2062 519 2116 570 μὴ
2145 523 2351 569 ruffina-0223
2380 528 2414 561 ἐν

245 584 273 640 ῲ
298 604 375 643 γαρ
401 583 446 626 οἷν
475 600 528 630 τις
556 580 760 639 πράγματι
791 600 841 633 μη
872 585 1053 632 πείθηται
1083 601 1137 638 τῳ
1165 576 1213 625 εὐ
1238 586 1385 633 λέγοντι
1418 602 1455 625 κ.
1485 602 1520 625 τ.
1551 591 1587 625 λ.
1617 585 1675 627 ad
1704 586 1961 639 scripturam
1990 590 2149 637 πίθηται
2180 584 2414 629 defenden-

245 655 347 698 dam
374 665 427 695 eo
456 655 715 706 argumento
744 661 850 691 usus
877 654 966 700 est,
998 663 1129 705 quum
1165 651 1404 704 respexerit
1430 649 1680 706 Xenophon
1710 650 1885 695 Hesiod.
1920 649 2031 706 O'.pp
2070 661 2113 696 et
2151 651 2206 694 D.
2245 667 2287 695 v.
2316 655 2414 696 293.

246 719 351 769 οὗτος
383 722 450 772 μὲν
478 715 723 774 πανάριστος,
751 715 790 763 ὸς
819 712 932 764 αὐτος
961 715 1092 757 πάντα
1124 713 1268 768 νοήσει,
1296 717 1430 765 ἐσθλος
1459 716 1493 757 δ’
1525 712 1576 759 αὖ
1603 718 1723 760 xixti
1709 737 1796 768 ι.νος
1831 719 1869 768 ὸς
1904 736 1946 760 ευ
1986 719 2131 763 εἰπόντι
2159 723 2328 772 πίθηται.
2363 745 2411 751 -—

244 787 416 834 Hellen.
444 785 516 837 ΙΙΙ,
549 787 590 836 2,
618 787 659 825 4.
691 780 827 840 ω’σπερ
858 789 893 823 ἐν
923 781 1040 838 αὐλίῳ
1072 788 1332 835 σηκασθέντες
1359 783 1591 826 Homerica
1618 794 1720 829 sunt
1748 800 1803 829 ex
1829 785 1877 828 Il-
1905 790 1947 837 8,
1978 788 2071 828 131.
2106 804 2173 829 και
2195 787 2236 828 νύ
2266 806 2312 829 κε
2343 787 2415 839 σή·

245 859 397 899 necessu
425 870 531 895 κατα
547 848 674 898 Ἴλιον.
701 848 794 903 η’ΰτε
825 847 945 909 α’ρνες.
996 850 1121 900 Quae
1149 850 1312 909 legitur
1338 850 1495 896 locutio
1525 852 1569 894 in
1599 850 1736 896 Conv.
1768 858 1808 906 1,
1839 857 1903 898 16.
1942 851 1989 913 τῇ
2016 852 2133 913 ψυχῇ
2164 863 2414 914 παρακελευ-

248 924 416 978 σάμενος
445 918 615 978 θοιρῤεῖν,
648 932 778 975 quam
803 917 1034 972 illustravit
1064 918 1316 974 Stephanus
1345 922 1402 963 ad
1432 918 1588 976 Cyrop.
1617 919 1649 970 Ι,
1679 923 1720 970 4,
1753 924 1819 963 13.
1856 922 1932 963 ubi
1955 921 2113 979 legitur
2152 922 2415 966 διακελευσά-

249 1008 359 1046 μενος
388 985 509 1043 έαυτᾷ
538 984 698 1040 τολμῖἷν.
721 984 955 1028 Homerica
982 984 1187 1029 habenda
1217 995 1296 1030 est.
1328 986 1392 1029 Cf.
1424 986 1584 1044 Odyss.
1605 989 1674 1038 29,
1706 990 1773 1030 17.
1813 991 1852 1039 1,
1883 990 1979 1031 353.
2017 993 2086 1041 21,
2117 993 2211 1032 198.
2253 995 2320 1043 16,
2347 996 2416 1034 81.

248 1060 298 1103 ΙΙ.
330 1062 399 1108 19,
423 1059 523 1099 319.
555 1058 624 1105 23,
652 1056 750 1096 591.
781 1076 832 1083 —·-
863 1052 934 1095 Ad
966 1052 1128 1110 Cyrop.
1157 1054 1233 1105 Vl,
1263 1058 1305 1105 -Ι,
1333 1058 1374 1097 3.
1406 1057 1474 1096 καὶ
1504 1053 1704 1097 λανθάνειν
1734 1059 1799 1106 μὲν
1825 1053 2022 1112 ἐπειρᾶτο,
2049 1060 2218 1109 ἐλείβετο
2250 1059 2293 1099 δὲ
2321 1057 2417 1107 mlv-31¹

244 1129 295 1170 τοὶ
324 1124 477 1183 δάκρυα
506 1122 611 1163 κατοέ
639 1118 713 1162 τῖὖν
739 1117 928 1176 παρειῧν,
966 1121 1039 1162 ubi
1069 1123 1273 1172 λείβεσθαι
1308 1128 1375 1162 est
1403 1121 1667 1163 vocabulum
1691 1123 1925 1176 poeticum,
1957 1123 2071 1166 conf.
2102 1124 2227 1167 Hom.
2259 1109 2418 1181 Odyss.

244 1199 287 1245 Β,
316 1195 411 1237 532.
439 1188 518 1232 ἔνθ’
547 1186 683 1236 ἄλλους
714 1191 781 1240 μὲν
807 1184 953 1234 πάντας
981 1185 1165 1229 ἐλάνθανε
1197 1186 1345 1244 δάκρυσι
1374 1190 1522 1239 λείβων.
1551 1212 1606 1218 -
1637 1188 1761 1236 Quae
1789 1188 2012 1233 sollemnis
2036 1198 2103 1234 est
2129 1192 2245 1247 apud
2272 1191 2420 1234 Xeno-

246 1262 453 1319 phontem
487 1255 695 1307 formula,
733 1258 767 1295 εἰ
804 1253 904 1308 λῷον
944 1258 1013 1295 καὶ
1053 1253 1211 1307 οἲμεινον
1250 1258 1331 1306 εἴη,
1372 1256 1502 1298 ducta
1539 1263 1605 1298 est
1633 1269 1687 1299 ex
1726 1258 1905 1313 antiquo
1935 1271 2135 1301 sermone
2166 1260 2306 1314 epico,
2345 1262 2417 1315 qui

247 1331 374 1374 etiam
402 1323 591 1370 oraculis
621 1321 820 1377 adhiberi
848 1320 1033 1365 solebat.
1089 1321 1188 1365 Vid.
1217 1321 1345 1366 Hom.
1375 1321 1535 1380 Odyss.
1563 1326 1602 1375 1,
1629 1325 1724 1366 376.
1765 1326 1799 1364 εἰ
1827 1323 1859 1365 δ’
1887 1324 1976 1377 ὑμῖν
2006 1324 2135 1367 δοκέει
2164 1326 2255 1369 τόδε
2285 1332 2418 1369 λωῑτε-

180 1446 187 1455 ι
250 1415 311 1455 ρον
340 1399 410 1437 καὶ
440 1393 596 1446 οἷμεινον
625 1389 814 1444 ἔμμεναι,
852 1403 965 1446 quae
995 1398 1249 1444 repetuntur
1280 1391 1323 1432 in
1350 1388 1446 1432 libr.
1476 1393 1517 1443 2,
1548 1393 1720 1433 v.·14l.'
1754 1389 1818 1433 Cf.
1843 1391 2065 1436 Plutarch.
2097 1402 2264 1449 quaest.
2293 1393 2417 1437 Rom.

246 1477 283 1507 c.
311 1461 515 1505 XXVIII.
551 1458 663 1500 Xen.
704 1458 758 1498 de
795 1457 954 1512 vectig.
995 1460 1045 1506 6,
1084 1459 1124 1497 2.
1165 1458 1311 1513 ibique
1341 1456 1503 1512 Saupp.
1541 1456 1672 1512 Resp.
1702 1456 1863 1500 Laced.
1891 1462 1942 1511 8,
1972 1462 2013 1500 5.
2058 1461 2131 1502 ubi
2160 1460 2245 1502 vid.
2271 1460 2415 1503 Haas.

174 1568 179 1575 .
244 1531 387 1573 Anab.
419 1528 475 1579 V,
496 1531 575 1579 ¹10,
607 1527 671 1566 15.
709 1523 801 1573 Vll,
831 1526 873 1573 7,
902 1526 971 1564 Η.
1001 1522 1193 1578 Simplex
1223 1522 1387 1581 πότερον
1416 1523 1527 1565 Adrou
1557 1523 1660 1578 αὐτῷ’
1689 1527 1745 1574 εἰἠ
1769 1523 1928 1582 legitur
1955 1528 1998 1568 in
2026 1527 2169 1570 Anab.
2201 1528 2271 1568 ΙΙΙ.
2304 1531 2343 1568 1.
2378 1532 2417 1569 7.

246 1596 493 1654 Simplicius
521 1592 711 1649 Thucyd.
749 1591 782 1643 Ι,
815 1594 909 1633 118.
949 1589 1145 1649 ἐπηρώτων
1170 1592 1237 1633 τδν
1265 1593 1372 1639 θεδν.
1404 1596 1437 1634 εἰ
1465 1590 1701 1644 πολεμοῧσιν
1731 1591 1885 1644 ἄμεινον
1914 1591 2040 1636 ἔσται.
2099 1594 2166 1636 Ex
2193 1594 2319 1652 larga
2349 1612 2422 1637 co·

246 1669 320 1723 pia
347 1662 615 1721 singulorum
642 1658 983 1710 vocabulorum,
1025 1673 1135 1715 quae
1164 1662 1336 1715 poetica
1364 1668 1466 1703 sunt
1502 1661 1620 1715 apud
1647 1660 1980 1716 Xenophontem
2020 1671 2061 1705 et
2099 1677 2287 1719 quorum
2314 1676 2421 1705 usus

245 1736 330 1785 ita,
368 1739 415 1775 ut
443 1742 576 1785 supra
602 1728 838 1783 proposui,
879 1726 1185 1781 explicandus,
1230 1740 1374 1782 pauca
1402 1727 1580 1770 afferam
1610 1729 1816 1772 brevibus
1845 1729 2028 1786 adjectis
2057 1729 2423 1774 adnotationibus.

246 1800 388 1844 Anab.
417 1797 450 1849 1,
480 1799 522 1848 7,
554 1798 622 1838 14.
651 1793 801 1852 τάφρος
832 1792 976 1853 ὅρννιτή
1009 1792 1147 1837 torma
1177 1794 1347 1837 dicendi
1377 1794 1610 1838 Homerica
1638 1802 1717 1839 est.
1763 1795 1849 1839 Vid
1876 1796 1924 1839 ll.
1952 1800 1993 1848 8,
2025 1800 2120 1841 179.
2150 1796 2292 1840 Anab.
2321 1798 2353 1848 Ι,
2381 1801 2424 1839 4.
2474 1798 2485 1810 ‘

247 1871 314 1911 11.
348 1868 392 1909 in
421 1862 717 1917 descriptione
745 1860 827 1904 loci
855 1861 1008 1903 muniti
1044 1866 1178 1920 πέτραι
1215 1861 1392 1913 η’λίβοιτοι
1431 1874 1485 1904 ex
1514 1861 1705 1905 Homero
1744 1864 1902 1918 petitae
1941 1872 2064 1916 sunt,
2103 1876 2231 1920 quem
2260 1866 2422 1907 scimus

246 1935 333 1976 hoc
370 1931 589 1988 adjectivo
618 1942 707 1969 non
735 1942 833 1969 esse
862 1942 990 1969 usum
1018 1929 1099 1968 nisi
1137 1929 1194 1969 ad
1223 1942 1354 1984 rupes
1388 1930 1552 1970 arduas
1581 1929 1891 1985 significandas
1929 1944 2013 1972 nec
2041 1940 2162 1972 recte
2190 1932 2245 1971 de
2274 1931 2419 1972 Xeno-

246 2000 411 2057 phonte
431 1996 646 2054 judicavit
671 1995 917 2037 Buttmann.
948 1995 993 2035 in
1021 1994 1138 2036 lexil.
1166 1995 1216 2036 11.
1245 2011 1285 2051 p.
1318 1999 1411 2038 178.
1467 1995 1749 2038 Locutionem
1781 1996 2007 2049 μαινόμενον
2036 1995 2085 2056 τῇ·
2112 1995 2247 2056 τολμῇ-
2268 1999 2311 2038 ίη
2334 1996 2418 2053 Cy-

244 2082 340 2122 rop.
370 2065 404 2115 1,
432 2067 474 2114 4,
504 2065 573 2105 24.
601 2061 876 2105 Homericam
904 2070 1111 2117 putarunt
1141 2062 1390 2117 Stephanus
1419 2070 1461 2104 et
1490 2061 1716 2106 Hutchins.
1746 2073 2048 2119 comparantes
2078 2063 2239 2121 Odyss.
2259 2068 2301 2114 9,
2324 2067 2418 2107 350.

248 2133 298 2176 11.
327 2135 369 2183 5,
402 2133 494 2173 185.
532 2133 576 2179 8,
605 2132 700 2172 355.
759 2129 993 2171 Homerica
1016 2129 1234 2172 vocabula
1263 2138 1362 2172 sunt
1390 2128 1614 2170 ἀναίνεσθαι
1648 2129 1808 2186 Cyrop.
1841 2131 1891 2177 11.
1921 2135 1958 2181 1,
1988 2135 2057 2174 31.
2087 2130 2159 2174 cll.
2189 2131 2348 2187 Odyss.
2376 2135 2420 2179 3,

247 2203 344 2243 265.
382 2197 481 2239 Vid.
510 2196 711 2238 Bornem.
741 2197 797 2238 ad
828 2194 932 2251 Cyr.
964 2195 991 2237 l.
1020 2194 1047 2236 l.
1080 2196 1148 2237 ed.
1177 2198 1278 2239 min.
1309 2195 1547 2248 ἀμείβεσθαι
1576 2198 1619 2238 in
1639 2196 1782 2239 Anab.
1810 2197 1862 2248 ΙΙ,
1897 2200 1940 2247 5,
1985 2201 2049 2242 15.
2079 2199 2153 2241 ubi
2191 2198 2420 2249 ἀπημείφθη

247 2267 331 2309 iuvi
359 2264 426 2307 τοῦ
456 2263 710 2320 ἀπεκρίνατο.
742 2262 901 2317 (Lexx.
931 2261 1064 2318 Segg.
1093 2276 1135 2318 p.
1162 2266 1260 2314 424,
1294 2264 1396 2317 11.).
1447 2260 1710 2316 ἐξαλαποίξειν
1739 2264 1780 2304 in
1808 2262 1950 2306 Anab.
1980 2264 2074 2316 Vll,
2108 2269 2146 2315 1,
2177 2268 2244 2307 29.
2282 2265 2419 2315 Ἑλλη-

250 2335 335 2376 νίδα
364 2334 405 2373 δὲ
432 2335 483 2379 εἰς
502 2331 545 2383 ἢν
575 2329 721 2388 πρώτην
749 2328 919 2383 ἤλθομεν
948 2329 1072 2376 πόλιν,
1102 2329 1240 2380 ταύτην
1268 2328 1575 2382 ἐξαλαπάξομεν.
1609 2331 1737 2385 Apud
1765 2330 2000 2373 Homerum
2031 2331 2142 2374 πόλιν
2164 2331 2421 2386 ἐξαλαπάξειν

254 2409 324 2444 est
351 2402 397 2441 in
423 2398 470 2439 ll.
501 2402 541 2450 1,
574 2400 668 2439 129.
699 2398 780 2439 ()(1.
811 2401 853 2448 4,
886 2400 979 2439 176.
1027 2396 1123 2438 vid.
1152 2395 1354 2453 Krueger
1380 2397 1437 2438 ad
1470 2397 1611 2439 Anab.
1640 2396 1669 2438 1.
1699 2396 1726 2438 l.
1758 2397 1984 2456 ἅλοίτροχος
2014 2399 2154 2441 Anab.
2182 2399 2257 2450 lv,
2296 2404 2340 2451 2,
2377 2403 2423 2442 3.

252 2467 322 2512 Cf.
344 2466 505 2508 Buttm.
531 2463 650 2506 lexil.
680 2464 731 2514 ΙΙ,
760 2480 803 2519 p.
834 2468 930 2507 234.
961 2478 1058 2521 sqq.
1088 2467 1242 2505 νέεσθαι
1276 2463 1435 2520 Cyrop.
1464 2463 1539 2514 lV,
1570 2468 1610 2515 l,
1642 2469 1707 2506 11.
1747 2464 1979 2506 οἷπονοστεῖν
2007 2466 2149 2508 Anab.
2179 2466 2250 2515 ΙΙΙ,
2279 2469 2322 2517 5,
2355 2471 2421 2508 16.
2463 2517 2465 2520 ἱ

252 2542 385 2591 μολεῖν
414 2533 558 2575 Anab.
586 2530 681 2581 Vll,
708 2535 753 2582 ·1,
782 2534 850 2574 33.
881 2531 1037 2573 δουπεῖν
1065 2531 1206 2576 Anab.
1237 2531 1269 2583 Ι,
1299 2535 1341 2580 8,
1372 2534 1438 2573 18.
1469 2530 1631 2591 ἄκληρος
1660 2532 1802 2575 Anab.
1823 2532 1893 2584 ΙΙΙ,
1913 2536 1955 2585 2,
1974 2536 2041 2576 26.
2062 2532 2134 2576 cll.
2166 2533 2327 2591 Odyss.
2354 2538 2420 2577 ll.

250 2610 345 2648 496.
377 2601 603 2655 multaque
628 2598 728 2641 alia.
786 2598 1058 2642 Homericum
1084 2602 1266 2643 verbum
1292 2599 1431 2640 διδέναι
1461 2599 1530 2654 (ΙΙ.
1562 2604 1630 2651 ll,
1662 2602 1779 2655 105.)
1807 2602 1991 2643 restituit
2017 2600 2296 2656 Xenophonti
2318 2601 2421 2644 Por-

250 2684 333 2714 son
360 2670 404 2712 in
433 2668 575 2711 Anab.
617 2666 683 2717 V,
721 2669 772 2717 8,
812 2669 880 2709 24.
922 2668 993 2710 ubi
1023 2668 1109 2710 vid.
1140 2669 1412 2722 interpretes.
1460 2668 1575 2710 Add.
1605 2666 1783 2711 Schaes.
1821 2668 1878 2710 ad
1909 2666 2093 2724 Gregor.
2125 2666 2224 2712 Cor.
2253 2684 2295 2724 p.
2323 2672 2422 2713 620.

250 2737 496 2792 Supersunt
524 2733 595 2777 alii
617 2733 726 2784 loci,
760 2735 915 2789 quibus
943 2733 1177 2777 Homerica
1204 2733 1421 2776 vocabula
1447 2734 1491 2776 in
1519 2733 1683 2790 aliquot
1707 2735 1931 2776 codicibus
1959 2742 2072 2785 sunt,
2102 2735 2243 2778 Anab.
2272 2735 2348 2787 lV,
2378 2740 2420 2787 4.

253 2808 321 2847 14.
351 2802 591 2844 ἀτασθαλίαι.
635 2800 796 2857 Cyrop.
825 2800 857 2852 l,
886 2803 928 2852 5,
958 2806 999 2843 9.
1028 2800 1162 2850 ἐσθλός
1192 2809 1276 2843 etc.
1317 2800 1489 2843 Ernesti
1519 2802 1768 2857 conjectura
1796 2800 2023 2859 ἐνερειτίσαι
2051 2802 2094 2844 in
2122 2801 2252 2845 Mem.
2281 2803 2350 2854 ΙΙΙ,
2380 2805 2420 2844 5.

252 2875 293 2914 7.
321 2870 483 2913 inutilis
510 2877 590 2911 est.
637 2866 701 2909 Cf.
731 2867 934 2910 Bornem.
963 2869 1021 2909 ad
1049 2868 1190 2912 Anab.
1219 2868 1293 2920 Vl,
1321 2873 1363 2920 6,
1393 2873 1435 2911 9.
1465 2881 1595 2924 quem
1623 2881 1773 2910 omnes
1802 2870 1941 2912 secuti
1969 2877 2081 2912 sunt.

367 2936 467 2979 Alia
496 2936 769 2978 inveniuntur
798 2949 851 2977 ea
880 2934 1191 2991 significatione
1220 2937 1348 2988 dicta,
1377 2950 1464 2992 qua
1491 2936 1551 2977 uti
1578 2934 1791 2978 Homerus
1820 2936 1971 2980 solitus
2001 2944 2081 2979 est.
2137 2936 2203 2978 Ex
2232 2937 2422 2979 Homero

252 3004 513 3059 repetendus
542 3010 611 3046 cst
638 3017 742 3045 usus
769 3001 893 3044 verbi
917 2992 1060 3043 ἐθέλειν
1088 3003 1142 3045 de
1170 3004 1303 3045 rebus
1331 3003 1575 3046 inanimatis
1603 3002 1716 3045 Xen.
1743 3001 1875 3045 Mem.
1895 3003 1965 3054 ΙΙΙ,
1997 3006 2064 3053 12,
2093 3007 2134 3045 8.
2157 3003 2272 3045 Hier.
2296 3007 2334 3055 1,
2353 3008 2421 3046 30.

257 3070 409 3113 Oecon
427 3074 471 3122 4,
494 3073 561 3114 13.
590 3068 658 3112 Cf.
678 3068 722 3111 ll.
744 3073 813 3121 21,
830 3071 927 3112 366.
967 3068 1093 3112 Unde
1120 3069 1289 3113 videtur
1318 3068 1589 3113 defendenda
1617 3070 1830 3125 scriptura
1856 3071 1899 3112 in
1920 3068 2060 3113 Anab.
2082 3069 2158 3123 VI,
2181 3074 2223 3122 4,
2242 3072 2311 3112 36.
2340 3075 2424 3123 ἐμοὶ

258 3142 325 3190 μὲν
355 3139 423 3180 οὐκ
454 3140 572 3179 ἐθέλει
600 3139 784 3189 γενέσθαι
814 3136 866 3178 τοὶ
896 3135 989 3193 ἱεροί,
1012 3137 1084 3179 ubi
1114 3137 1274 3181 omisso
1303 3140 1485 3188 γενέσθαι
1513 3135 1709 3181 nonnulli
1729 3136 1892 3181 habent
1919 3138 2133 3192 poeticum
2162 3137 2424 3181 Vocabulum
