2623 3802
1101 111 1237 183 ’.8
1272 121 1336 168 15
1365 111 1506 183 &¹-

212 256 371 312 0dySS.
402 257 468 306 13,
500 257 591 301 198.
621 250 771 309 ᾤ’μοιξέν
802 248 834 291 τ’
864 245 922 308 αἶρ’
953 247 1092 292 ἔπειτα
1121 253 1190 294 καὶ
1218 251 1249 292 οἳ
1275 247 1505 302 πεπλήγετο
1533 246 1653 309 μηριᾶ.
1700 246 1838 291 Aliter
1864 246 2016 305 lugent
2043 246 2088 290 in
2117 244 2278 305 Cyrop.
2307 246 2378 300 ΙΙΙ,

200 309 255 375 1,
285 326 350 366 13.
381 331 422 365 et
452 321 505 373 V,
533 326 574 364 4.
604 326 645 363 4.
674 339 728 351 -
760 313 853 359 Nec
880 332 985 361 vero
1014 319 1296 361 omittendum
1325 324 1393 360 est
1419 319 1464 360 in
1484 317 1569 363 hac
1597 317 1863 374 quaestione,
1901 315 2077 357 Hesiodi
2105 327 2282 371 quoque
2309 328 2377 355 ra·

212 392 375 435 tionem,
396 389 546 434 haberi
573 401 601 430 a
614 383 930 441 Xenophonte,
965 389 1097 443 quum
1122 386 1218 442 ejus
1246 393 1483 441 praecepta
1507 387 1669 444 passim
1698 383 1968 427 commendet
1990 383 2210 425 Socrates.
2245 380 2380 424 Mem.

214 458 244 509 Ι,
275 460 314 509 2,
342 461 410 499 ὃὸ.
438 458 592 499 citatur
618 465 771 494 versus
800 467 857 495 ex
886 453 996 507 Opp.
1026 459 1069 493 et
1088 452 1145 495 D.
1174 455 1287 503 311.,
1315 451 1447 494 Mem.
1468 453 1501 504 Ι,
1529 458 1571 506 3,
1599 458 1641 497 3.
1670 465 1785 496 vers.
1805 454 1904 493 336.
1933 474 1987 480 -
2010 451 2139 492 Mem.
2165 451 2219 501 ΙΙ,
2242 453 2283 501 1,
2305 452 2377 491 2⁰.

213 539 267 566 ex
297 525 407 579 Opp.
438 530 480 564 et
505 519 560 563 D.
589 532 728 562 verss.
757 523 841 563 287
868 534 966 575 sqq.
996 518 1254 569 laudantur,
1285 532 1422 574 saepe
1448 523 1666 565 veteribus
1694 516 1971 576 philosophis
2000 516 2220 560 celebrati.
2264 516 2377 570 vid.

213 590 362 634 Cobet.
400 589 663 643 prosopogr.
689 584 798 630 Xen.
828 601 869 641 p.
907 589 948 627 9.
983 598 1051 641 sq.
1109 583 1180 627 De
1207 583 1306 629 loco
1336 587 1380 630 in
1408 585 1521 629 Xen.
1551 586 1713 631 Oecon.
1743 589 1813 638 2⁰,
1857 587 1924 628 17.
1961 585 2009 625 τὰ
2045 585 2163 635 ἥμισυ
2201 583 2374 642 διαφέρει

211 657 278 702 τοῦ
309 658 420 715 ἔργον
447 651 610 703 παντός,
648 668 777 710 quem
805 651 1000 696 referunt
1036 652 1093 694 ad
1122 650 1297 694 Hesiod.
1336 651 1448 709 Opp.
1488 662 1532 695 et
1567 653 1624 695 D.
1652 667 1693 695 v.
1720 658 1790 696 4⁰.
1829 653 1915 695 vid.
1935 646 2084 694 ¹Bach.
2121 673 2174 680 —
2211 650 2289 691 His
2315 653 2376 692 ita

210 723 436 781 disputatis
462 720 630 764 facilius
660 734 730 763 me
757 722 1042 776 probaturum
1063 732 1163 761 esse
1190 728 1310 774 puto,
1342 721 1561 776 epicorum
1581 721 1769 763 studium
1797 721 1960 777 aliquid
1983 719 2178 762 valuisse
2205 718 2264 759 ad
2292 718 2377 759 dic-

208 796 369 835 tionem
396 788 716 843 Xenophontis,
756 789 827 829 cui
867 794 910 828 et
938 788 1012 828 ubi
1047 788 1229 842 poeticis
1258 787 1486 830 vocabulis
1514 801 1623 830 usus
1652 789 1707 829 sit
1735 796 1779 829 et
1806 788 1902 829 aliis
1930 787 2037 830 locis
2066 788 2125 829 ad
2152 793 2380 841 poetarum

207 858 437 898 dictionem
464 854 908 908 appropinquantibus
940 853 1172 895 Homerica
1205 855 1441 897 obversata
1467 868 1568 898 esse
1598 854 1752 910 conjici
1788 862 1944 908 potest.
2001 854 2090 896 Sed
2123 845 2382 908 priusquam

207 920 383 979 singula
410 919 590 964 afferam
617 918 832 974 exempla,
862 919 950 963 alia
977 921 1180 975 antiquae
1198 920 1344 975 poesis
1357 922 1550 978 ,vestigia
1571 922 1715 964 obiter
1737 921 2100 974 commemorabo.
2139 920 2189 962 In
2209 917 2380 976 Cyneg,

211 994 250 1040 l,
280 995 319 1031 6.
356 989 442 1034 Βεός
471 987 518 1034 ὃς
545 985 636 1044 παρ’
665 985 875 1043 οένθραῖποις
904 985 1131 1038 ἀείμνηστον
1161 991 1270 1033 κλέος
1299 986 1390 1038 ἔχει
1418 989 1582 1044 antiqui
1610 989 1824 1042 poematis
1863 1000 2038 1028 versum
2068 989 2246 1044 agnovit
2272 986 2382 1026 Bor·

211 1071 321 1100 nem.
349 1057 407 1098 ad
436 1054 584 1097 conv.
601 1058 645 1104 4,
675 1056 743 1094 24.
772 1068 814 1108 p.
846 1057 939 1095 123.
995 1055 1114 1095 ldem
1143 1056 1209 1095 vir
1235 1055 1405 1106 doctus,
1436 1069 1523 1112 qua
1548 1063 1618 1096 est
1645 1055 1903 1111 sagacitate,
1929 1069 1985 1096 ex
2014 1054 2147 1096 Mem.
2175 1054 2210 1104 1,
2238 1055 2281 1101 4,
2311 1055 2379 1093 11.

210 1112 445 1166 trimetrum
465 1123 577 1163 eruit
606 1119 746 1161 ἔπειτα
765 1128 843 1168 τοῖς
867 1122 996 1170 ἄλλοις
1019 1127 1085 1174 μὲν
1105 1128 1275 1179 ἑρπετοῖς
1296 1121 1420 1170 πόδας
1442 1122 1593 1163 ἔδωκαν
1622 1120 1698 1176 (cf.
1717 1137 1760 1176 p.
1779 1124 1842 1177 7.)
1871 1130 1915 1164 et
1932 1124 2035 1164 ibid.
2052 1121 2128 1172 IV,
2147 1125 2191 1171 3,
2213 1124 2279 1162 14.
2312 1137 2382 1160 κε-

212 1191 340 1249 ραυνδς
366 1189 415 1237 οἷς
445 1185 491 1229 civ
519 1186 656 1247 ἐντύχῃ
684 1186 836 1230 πάντων
863 1195 1010 1248 κρατεῖ.
1033 1213 1089 1219 -—-
1110 1187 1275 1245 Cyneg.
1295 1192 1335 1241 1,
1356 1192 1422 1231 ll.
1445 1188 1490 1231 ου’
1508 1189 1585 1247 γοέρ
1605 1188 1651 1229 οἷν
1672 1182 1715 1240 ἦν
1745 1188 1766 1229 ὅ
1796 1192 1863 1241 μὲν
1882 1188 2030 1241 σχεδόν
2051 1208 2088 1231 τι
2111 1187 2275 1247 οἷριστος.
2299 1186 2320 1227 ὅ
2342 1186 2384 1226 δὲ

209 1260 340 1311 ὅμοιος
368 1257 532 1309 αἶγαθοῒς
573 1248 798 1298 Weiskius
826 1258 963 1299 verba
1002 1255 1150 1308 σχεδόν
1190 1275 1226 1298 τι
1255 1254 1409 1315 ἄριστος
1447 1257 1501 1299 de
1530 1256 1861 1311 Agamemnone
1900 1265 1944 1298 et
1973 1255 2104 1309 ὅμοιος
2132 1257 2295 1308 &vasen
2326 1255 2382 1296 de

210 1326 372 1384 Ulysse
390 1325 522 1369 ducta
549 1331 671 1379 putat
699 1337 723 1365 e
749 1323 849 1367 loco
879 1330 1034 1379 poetae
1062 1322 1249 1381 alicujus
1273 1323 1377 1366 olim
1404 1324 1641 1367 notissimo.
1679 1322 1851 1365 Versus
1876 1331 2020 1366 autem
2044 1324 2377 1373 vetustissimus,

211 1408 338 1451 quein
368 1406 423 1435 ex
452 1389 739 1445 Xenophonte
764 1390 897 1433 affert.
922 1390 1195 1434 Phavorinus
1224 1403 1260 1432 s.
1289 1405 1331 1433 v.
1362 1389 1490 1442 ἥλικα.
1522 1387 1607 1442 ἧλιξ
1640 1388 1756 1441 ἥλικα
1783 1394 1932 1447 τέρπει.
1961 1396 2079 1447 γέρων
2109 1391 2148 1431 δέ
2176 1408 2219 1430 τε
2248 1394 2381 1447 τέρπει

205 1466 380 1518 γέροντα,
409 1455 455 1505 α’ἷς
484 1464 580 1509 φησι
611 1461 679 1498 καὶ
710 1457 730 1498 ὅ
759 1456 956 1509 Ξενοφῧν,
986 1458 1101 1512 apud
1127 1457 1464 1512 Xenophontem
1491 1472 1578 1500 non
1606 1456 1781 1513 legitur,
1816 1472 1949 1513 quum
1978 1472 2034 1498 ne
2063 1457 2262 1500 allusisse
2290 1459 2380 1511 qui-

206 1529 306 1568 dem
334 1528 391 1566 ad
418 1524 526 1565 illud
553 1526 832 1577 proverbium
859 1524 1109 1577 Xenophon
1137 1525 1180 1563 in
1208 1537 1301 1577 rep.
1330 1524 1491 1565 Laced.
1518 1527 1561 1573 5,
1592 1526 1634 1564 5.
1665 1523 1749 1564 dici
1777 1528 1927 1577 possit.
1975 1523 2040 1565 Cs.
2070 1525 2125 1565 de
2150 1523 2238 1565 hoc
2265 1523 2380 1563 dicto

206 1593 367 1636 Suidas
393 1606 429 1634 s.
459 1587 545 1642 ἧλιξ
572 1586 691 1641 ἥλικα
719 1594 853 1647 τέρπει
891 1590 1037 1646 ibique
1063 1588 1336 1646 Bernhardy.
1374 1589 1473 1633 Ast.
1502 1590 1545 1632 in
1571 1587 1696 1634 Plan,
1711 1587 1900 1634 Phaedr.
1938 1606 1981 1647 p.
2011 1593 2105 1634 264.
2164 1588 2259 1633 Hoc
2287 1590 2377 1632 ani-

204 1662 261 1703 mi
289 1671 448 1703 caussa
474 1657 588 1701 addo
616 1658 660 1700 in
679 1656 837 1715 Cyrop.
868 1655 984 1708 VIII,
1004 1658 1045 1707 2,
1067 1659 1107 1698 8.
1137 1658 1285 1711 ’ψέλλια
1312 1661 1383 1700 καὶ
1408 1659 1598 1716 στρεπτοὶ
1628 1659 1696 1699 καὶ
1724 1661 1837 1700 ἵπποι
1865 1657 2154 1716 χρυσοχάλινοι
2184 1671 2272 1700 una
2301 1669 2375 1699 vo-

207 1727 306 1769 cula
333 1744 377 1766 τε
415 1733 518 1765 ante
555 1728 624 1764 ,iezi
662 1726 808 1766 addita
846 1724 1145 1764 hexametrum
1185 1726 1399 1774 constitui.
1456 1725 1527 1767 De
1561 1739 1650 1780 qua
1680 1738 1737 1766 -re
1766 1726 1868 1779 quid
1896 1726 2169 1767 statuendum
2208 1726 2263 1765 sit
2299 1724 2374 1764 do·

207 1794 320 1836 nebit
349 1788 554 1840 Quinctil.
582 1788 666 1841 IX,
704 1792 746 1842 4,
775 1791 844 1833 52.
882 1791 954 1846 qui
982 1803 1070 1832 non
1099 1789 1386 1835 sentientibus
1412 1790 1541 1835 nobis
1570 1791 1718 1836 omnia
1745 1803 1948 1836 versuum
1977 1802 2139 1848 genera
2167 1789 2371 1834 excidere

207 1859 437 1903 existimat.
496 1855 641 1913 Saepe
667 1865 813 1901 autem
841 1855 904 1907 fit,
932 1862 994 1907 ut,
1025 1856 1098 1912 qui
1124 1858 1288 1900 metrici
1315 1858 1453 1913 pedes
1476 1858 1605 1901 nobis
1634 1859 1921 1902 scribentibus
1951 1858 2164 1910 excidant,
2193 1857 2372 1913 legenti-

207 1929 289 1970 bus
317 1926 433 1969 hunc
458 1924 584 1967 illum
610 1931 837 1979 poetarum
865 1922 1010 1965 locum
1036 1923 1080 1964 in
1107 1925 1360 1967 memoriam
1386 1916 1613 1977 revocent,
1637 1927 1693 1967 de
1722 1939 1809 1983 quo
1827 1927 2067 1968 scribentes
2091 1938 2181 1967 non
2209 1925 2371 1980 cogita-

213 1996 369 2037 vimus.
429 1991 525 2034 Huc
553 1990 716 2048 aliquid
740 1990 945 2033 momenti
983 1990 1145 2032 habere
1173 1991 1355 2034 multum
1381 1991 1576 2035 lectionis
1602 2007 1732 2036 usum
1767 1992 2026 2049 intelligitur.
2083 1992 2143 2034 Ut
2174 1989 2374 2046 exemplo

208 2059 522 2114 Xenophonteo
549 2066 661 2109 utar,
692 2061 829 2101 verba
859 2072 972 2114 quae
1001 2060 1044 2099 in
1072 2058 1203 2100 Mem.
1233 2058 1266 2110 1,
1295 2063 1337 2110 4,
1367 2062 1407 2100 5.
1438 2061 1492 2100 de
1520 2064 1693 2102 numine
1722 2061 1865 2103 divino
1895 2060 2123 2115 leguntur,
2168 2058 2261 2100 ὅσθ’
2291 2058 2372 2110 ἅμα

207 2127 337 2169 πάντα
365 2126 455 2182 ὁρᾶν
485 2129 553 2168 καὶ
582 2125 711 2167 πάντα
741 2124 910 2172 ἀκούειν,
951 2140 1081 2181 quum
1109 2126 1409 2183 rhythmorum
1438 2128 1670 2182 quamdam
1701 2130 1889 2184 speeiem
1920 2142 2025 2184 prae
2053 2141 2102 2170 se
2131 2126 2283 2177 ferant,
2313 2124 2373 2168 le·

128 2212 132 2216 '
206 2196 410 2250 gentibus
437 2191 670 2236 Homerica
698 2199 895 2248 repetent
923 2192 979 2234 de
1007 2192 1115 2235 Sole
1144 2193 1273 2244 dicta,
1304 2193 1341 2241 ὃς
1370 2189 1478 2235 πάντ’
1507 2193 1633 2252 ἐφορᾷ
1664 2198 1733 2237 καὶ
1761 2194 1875 2237 πάντ’
1902 2193 2096 2236 ἐπακούει.
2126 2194 2283 2249 Odyss-
2303 2196 2371 2243 11,

211 2265 304 2304 109.
343 2259 390 2301 n.
418 2264 460 2309 3,
485 2262 582 2302 277.
622 2259 712 2302 Sed
733 2268 779 2301 ut
799 2255 974 2301 tandem
1003 2260 1062 2302 ad
1096 2260 1139 2302 id
1168 2261 1405 2314 perveniat,
1433 2261 1488 2303 ad
1511 2263 1628 2317 quod
1657 2264 1794 2305 tendit
1822 2263 2059 2318 disquisitio
2080 2274 2191 2311 mea,
2220 2259 2372 2316 legun—

207 2337 278 2370 tur
307 2331 350 2369 in
379 2327 550 2381 scriptis
571 2325 885 2381 Xenophontis,
916 2339 1028 2381 quae
1056 2327 1115 2369 ad
1141 2326 1317 2370 Homeri
1347 2327 1591 2382 exemplum
1619 2330 1680 2372 ita
1707 2329 1929 2379 formavit,
1959 2336 2004 2370 ut
2032 2327 2101 2370 vel
2129 2327 2373 2370 locutiones

208 2394 461 2436 Homericas
486 2391 559 2434 vel
592 2392 766 2448 singula
792 2393 1010 2436 vocabula
1037 2400 1198 2447 poetae
1224 2397 1400 2449 propria
1427 2395 1659 2437 retinuerit.
1717 2396 1764 2437 In
1789 2396 1923 2450 AgeS.
1947 2399 1987 2445 2,
2011 2399 2075 2436 14.
2106 2398 2190 2435 ἐπεί
2216 2412 2264 2445 γε
2301 2396 2374 2445 miv

208 2461 343 2512 ἔληξεν
373 2460 395 2511 ἦ
427 2460 552 2511 μάχη,
582 2459 706 2517 παρ’ἤν
735 2461 778 2501 δὲ
805 2460 1048 2513 θεάσασθαι,
1080 2457 1176 2501 ἔνθα
1201 2466 1411 2504 συνέπεσον
1440 2459 1639 2512 α’λλῆλοις,
1669 2464 1739 2513 τήν
1767 2468 1833 2515 μὲν
1860 2460 1929 2513 γ’ἧν
1955 2467 2088 2513 αἵματι
2119 2468 2375 2519 πεφυρμένην.

208 2528 361 2584 νεκροὺς
392 2529 436 2568 δὲ
462 2532 652 2579 κειμένους
681 2531 825 2577 φιλίους
856 2534 924 2569 καὶ
963 2531 1168 2579 πολεμίους
1188 2531 1284 2582 μετ’
1314 2527 1512 2583 ρῖλλῆλων,
1553 2529 1720 2577 οἷσπίδοις
1758 2531 1800 2570 δὲ
1837 2530 2187 2586 διατεθρυμμένας,
2227 2530 2377 2587 δόρατα

211 2590 562 2651 συνὶεθραυσμένα,
590 2595 800 2651 ἐγχειρίδια
822 2596 948 2647 γυμνοὶ
967 2594 1147 2642 ›zeuxes-Ha,
1176 2597 1230 2636 τοὲ
1258 2601 1326 2647 μὲν
1353 2600 1484 2648 χαμαὶ
1513 2597 1565 2637 τοὶ
1593 2596 1626 2637 δ’
1639 2604 1675 2638 ἐν
1705 2595 1861 2649 σώμασι
1889 2597 1940 2637 τοέ
1969 2597 2002 2637 δ’
2023 2595 2080 2639 ἔτι
2102 2599 2206 2650 μετ-οἶ
2225 2605 2377 2657 χεῖρας,

209 2675 339 2718 quem
365 2661 510 2703 locum
538 2669 581 2703 et
608 2661 803 2703 Eustath.
833 2664 891 2705 ad
919 2662 967 2704 ll.
999 2680 1042 2704 κ.
1069 2665 1166 2705 298.
1192 2664 1339 2705 citavit
1366 2672 1407 2705 et
1436 2662 1601 2705 Victor.
1622 2663 1796 2705 Homer.
1825 2663 1965 2705 schol.
1992 2665 2109 2719 apud
2127 2664 2268 2723 Heyn.
2286 2666 2375 2707 vol.

209 2729 284 2779 Vl,
312 2743 353 2783 p.
382 2731 494 2777 626„
532 2730 667 2770 Verba
693 2729 763 2780 τὴν
794 2733 859 2781 μὲν
886 2729 956 2779 γῆν
986 2725 1121 2781 αἵματι
1151 2735 1390 2787 πεφυρμένην
1428 2731 1599 2784 poetica
1630 2736 1746 2772 sunt.
1804 2729 1874 2771 Cf.
1904 2731 2064 2787 odyss.
2093 2736 2136 2782 9,
2165 2736 2262 2775 397.
2300 2750 2376 2773 πε-

210 2799 398 2852 φυρμένον
426 2798 559 2845 αἵματι
587 2793 737 2849 πολλῷ.
800 2796 945 2844 Quare
972 2796 1129 2837 retinui
1168 2797 1226 2837 ibi
1254 2799 1382 2839 etiam
1421 2799 1463 2838 in
1488 2796 1707 2839 vocabulo
1724 2796 1966 2854 Homerico
2005 2798 2210 2840 librorum
2240 2801 2376 2853 scrip·

210 2870 349 2917 turam
382 2860 562 2908 κουλεδν,
593 2864 865 2916 vituperante
896 2860 1083 2917 Spillero
1114 2863 1158 2904 in
1183 2862 1312 2906 Jahn.
1343 2863 1487 2906 annal.
1521 2866 1641 2905 18⁴1.
1674 2880 1716 2919 p.
1746 2868 1856 2906 298..
1889 2864 1985 2905 aliis
2014 2867 2056 2906 in
2084 2865 2193 2907 locis
2221 2864 2375 2909 luben-

210 2929 292 2973 tius
321 2928 502 2972 audiens
530 2928 839 2982 Hei-mannum,
871 2932 944 2986 qui
969 2931 1012 2972 in
1042 2928 1191 2984 Soph:
1205 2929 1277 2986 Aj.
1307 2945 1348 2972 v.
1377 2934 1472 2973 717.
1502 2928 1617 2973 hanc
1646 2930 1829 2973 formam
1860 2933 2020 2987 rejecit,
2047 2931 2216 2974 addens
2244 2931 2372 2975 libra-

210 2994 298 3034 rios
325 2994 488 3037 formas
515 2994 774 3039 Homericas
806 3011 969 3051 ponere
995 2991 1227 3039 memoriae
1256 3011 1311 3039 ex
1339 2998 1490 3051 primis
1520 2998 1771 3039 rudimentis
1799 2997 2085 3039 inhaerentes
2135 2992 2235 3040 Vid.
2263 2999 2370 3042 Lob.

211 3059 281 3115 Aj.
310 3075 351 3114 p.
379 3066 475 3107 336.
505 3064 572 3106 ed.
602 3077 690 3107 sec.
749 3062 818 3106 De
847 3065 1132 3120 Xenophonte
1162 3063 1247 3106 vid.
1277 3063 1477 3106 Bornem.
1522 3065 1578 3106 ad
1623 3062 1779 3120 Cyrop.
1812 3063 1842 3115 Ι,
1884 3067 1925 3107 ⁶2.
1964 3070 2004 3107 9.
2067 3065 2165 3109 Non
2195 3068 2232 3109 is
2261 3081 2370 3109 sum.
