2623 3802
1117 174 1255 245 m
1287 186 1322 231 8
1354 176 1491 246 W

223 332 348 368 turae
375 304 560 363 varietas
588 324 829 368 omnesque
861 310 959 354 libri
985 310 1151 370 ἀτερπές
1177 312 1431 367 praebeant,
1462 310 1678 366 conjicere
1704 308 1827 359 licet,
1866 308 2045 350 Suidam
2081 317 2301 369 respicere
2330 329 2396 367 ea,
2439 335 2444 347 .

226 402 338 448 quae
359 385 561 439 leguntur
586 378 628 437 ᾗ.
656 382 725 431 4.,
762 379 837 422 ubi
864 380 910 421 in
935 377 1057 421 libris
1084 380 1231 434 inepte
1258 378 1465 433 seriptum
1492 385 1559 419 est
1584 383 1662 425 τοῖς
1691 376 1734 416 δὲ
1761 380 1888 429 φίλοις
1916 375 2193 421 dantem-rou.
2251 385 2400 433 Quid?

225 458 263 498 si
289 454 373 496 hoc
399 448 500 491 loeo
526 446 702 504 legatur
729 445 1055 499 ἀγλενκέστατον,
1084 452 1133 488 ut
1151 444 1340 488 Zeunius
1368 441 1516 496 voluit,
1547 442 1665 500 quod
1688 443 1949 486 vocabulum
1969 458 2115 487 rarum
2134 453 2202 487 est
2221 460 2396 507 corrup.

224 532 336 571 tum,
365 514 735 574 quemadmodum
769 515 813 557 in
840 512 1029 556 Hierone
1063 513 1095 565 l,
1126 516 1195 556 21.
1227 512 1391 557 lactum
1418 520 1513 563 est,
1552 512 1626 555 ubi
1665 512 1722 555 ab
1750 511 1986 555 editoribus
2012 519 2132 556 recte
2159 515 2397 568 repositum

219 596 285 631 est
313 581 637 641 ἐγλευκέστεςον.
688 582 761 625 Ad
779 582 1035 626 sententiam
1061 580 1150 625 hoc
1176 578 1442 624 vocabulum
1469 580 1583 622 bene
1608 579 1749 635 aptari
1775 584 1941 634 potest3
1971 593 2073 623 nam
2104 580 2268 639 στρατιαὶ
2296 580 2393 623 δέτα-

219 672 310 702 κτος
338 645 441 696 οὖσα
469 649 698 694 commode
727 649 814 711 dici
840 656 984 705 potest
1009 655 1088 697 τοῖς
1115 650 1240 701 φίλοις
1269 645 1579 699 οἷγλευκέστατον
1609 644 1702 705 δρὲἷν
1715 677 1726 693 ,
1773 653 1820 688 ut
1857 658 1993 708 supra
2027 645 2397 706 ταραχή-ὃεέσθαι

218 725 397 781 ἀτερπές.
457 718 608 773 ltaque
643 729 799 765 carere
836 729 1072 772 possumus
1108 714 1270 759 Kerstii
1308 715 1561 771 conjectura
1595 712 1888 755 ἐκαλλέστσιτον
1901 745 1912 760 .
1962 727 2093 769 quam
2129 717 2397 773 ingeniosam
2426 762 2430 767 ,

224 804 327 835 esse
351 788 504 832 fateor.
562 782 724 837 Suidas
757 789 904 826 autem
931 784 1051 840 quod
1079 782 1265 825 formam
1293 781 1477 832 οἰγλενκές
1506 782 1665 835 posuit,
1703 794 1792 823 non
1822 793 1921 823 esse
1948 793 2216 836 magnopere
2243 798 2395 841 urgen-

225 861 344 907 dum,
372 851 490 910 quod
511 850 708 905 sequitur
735 849 984 904 exemplum
1014 849 1232 903 probabit.
1291 847 1473 889 Praeter
1494 844 1786 889 Rhinthonem
1814 860 1871 889 ex
1899 846 2184 890 Doriensibus
2210 849 2295 892 hec
2323 865 2398 892 vo-

225 921 381 969 cabulo
407 930 514 962 usus
543 924 613 960 est
640 915 928 972 Epicharmus
956 915 1000 956 in
1026 910 1184 970 fragm.
1214 916 1310 955 108.
1336 912 1426 967 (ed.
1456 909 1662 964 Ahrens.)
1691 911 1878 964 α’γλευκές
1905 915 1982 955 ἐστ’
2011 911 2219 971 ἅνθρωπος.

267 1006 272 1010 ·
336 986 472 1030 Verbi
497 982 798 1030 πάσασθαι,
837 993 923 1036 quo
949 977 1227 1022 Doriensium
1255 992 1360 1034 pars
1387 979 1577 1021 maxime
1604 978 1799 1022 ltaliotae
1826 981 1892 1022 usi
1921 989 2035 1033 sunt,
2071 982 2178 1036 (vid.
2208 983 2395 1028 AhrenS.

226 1060 256 1103 l.
286 1058 314 1100 1.
345 1069 387 1112 p.
417 1052 540 1105 1⁰8.)
577 1049 691 1093 haec
718 1048 836 1105 apud
862 1045 1198 1103 Xenophontem
1227 1044 1431 1103 leguntur
1458 1044 1673 1101 exempla.
1730 1046 1871 1104 Anah.
1902 1046 1933 1098 l,
1961 1051 2004 1099 9,
2036 1051 2100 1090 19.
2130 1052 2298 1098 πέπατο,
2328 1054 2398 1095 ubi

228 1127 302 1170 vel
338 1128 518 1166 πέπειστο
554 1116 628 1160 vel
653 1119 859 1158 πέπαυστο
889 1115 932 1156 in
966 1113 1094 1156 codd.
1129 1112 1297 1171 legitur.
1348 1112 1418 1163 Ill,
1446 1115 1490 1163 3,
1522 1115 1588 1154 18.
1617 1116 1831 1160 πέπανται,
1884 1113 1957 1164 Vl,
1991 1118 2031 1165 l,
2063 1118 2130 1158 12.
2156 1122 2395 1169 πεπαμένον,

226 1193 321 1243 Vll,
341 1195 384 1241 6,
412 1192 480 1231 41.
509 1189 699 1231 πέπαται,
734 1186 778 1234 6,
806 1185 849 1230 9.
875 1179 1122 1233 πεποίμεθα,
1162 1181 1234 1223 ubi
1262 1179 1396 1236 vulgo
1425 1179 1651 1235 legebatur
1680 1179 1938 1232 πεπαύμεθα.
1992 1180 2124 1237 Resp.
2154 1182 2259 1227 Lac.
2287 1188 2329 1237 6,
2358 1190 2401 1228 4,

227 1261 493 1310 πεπαμένους,
536 1252 613 1295 ubi
651 1257 754 1293 ante
791 1248 1106 1292 Schneiderum
1131 1246 1362 1303 legebatur
1404 1250 1680 1298 πεπαυμένους.
1740 1246 1900 1304 Cyrop.
1931 1248 2001 1298 111,
2030 1252 2073 1299 3,
2102 1253 2170 1291 44.
2209 1252 2281 1293 ubi
2318 1266 2399 1307 pro

224 1327 403 1385 vulgato
423 1321 624 1370 κέκτησθε
644 1323 903 1372 receperunt
922 1318 1108 1356 πέπασθε
1133 1328 1190 1356 ex
1214 1315 1364 1357 codice
1386 1313 1587 1356 Leidensi
1605 1315 1721 1371 apud
1739 1313 1953 1358 Valcken.
1976 1317 2032 1357 ad
2052 1315 2235 1358 Theocr.
2257 1317 2400 1361 Adon.

230 1396 283 1446 11,
309 1409 352 1450 p.
381 1393 497 1441 227..
523 1387 704 1437 Pariss.,
731 1396 904 1439 margg.
934 1382 1083 1438 Steph.
1140 1383 1367 1439 Nusquam
1393 1394 1498 1424 vero
1526 1380 1683 1439 legitur
1710 1381 1947 1435 πασάμενος,
1978 1397 2239 1439 quamquam
2259 1384 2401 1442 Etym.

227 1462 348 1517 Mag.
385 1473 427 1513 p.
466 1458 573 1505 681,
625 1455 694 1494 52·
731 1453 916 1494 testatur
954 1454 1022 1491 καὶ
1059 1448 1291 1502 πασάμενος
1329 1448 1518 1497 πολλάκις
1555 1449 1735 1502 Enoc&
1775 1454 1878 1501 λέγει
1917 1448 2003 1491 clv-ri
2044 1448 2112 1492 τοῧ
2149 1450 2399 1504 κτησάμενος.

229 1529 550 1584 Spartanorum
576 1517 763 1562 maxime
790 1518 1013 1573 proprium
1038 1514 1172 1561 fixisse
1199 1515 1287 1560 hoc
1312 1517 1492 1559 verbum
1521 1516 1679 1560 docent
1705 1515 1842 1561 multa
1869 1517 1968 1561 inde
1996 1515 2181 1562 formata
2208 1521 2397 1572 nomina,

233 1598 289 1638 de
318 1594 472 1650 quibus
499 1588 584 1631 vid.
612 1583 771 1629 Valck.
794 1585 852 1627 ad
878 1584 1076 1627 Ammon.
1096 1587 1139 1635 3,
1168 1587 1207 1627 7.
1247 1584 1425 1641 Legitur
1448 1583 1565 1639 apud
1585 1583 1707 1627 Pind.
1727 1583 1852 1640 Pyth.
1872 1588 1914 1635 8,
1936 1587 2004 1628 73.
2026 1590 2214 1628 πέπαται.
2244 1587 2398 1644 fragm.

230 1666 300 1706 72.
340 1659 522 1702 Theocr.
554 1657 622 1705 10,
650 1654 721 1696 32.
750 1649 975 1699 πεπᾶσθαι.
1004 1653 1069 1702 15,
1097 1654 1167 1694 99.
1201 1650 1442 1703 πασάμενος.
1492 1649 1636 1706 Saepe
1666 1652 1733 1694 usi
1761 1659 1860 1694 sunt
1879 1650 2143 1710 Pythagorei
2172 1656 2286 1710 apud
2304 1655 2401 1698 Sto-

166 1749 168 1755 ·
228 1732 400 1776 haeum,
429 1723 546 1767 unde
574 1719 782 1776 exempla
810 1720 1037 1775 proposuit
1062 1718 1195 1762 Haas.
1224 1720 1268 1761 in
1291 1718 1378 1761 ind.
1407 1732 1450 1773 p.
1478 1721 1574 1761 321.
1604 1723 1777 1760 πέπαται
1807 1717 2029 1775 Archytas
2056 1721 2173 1776 apud
2203 1721 2326 1765 Stob.
2360 1726 2398 1774 l.

225 1799 295 1839 73.
329 1796 557 1842 πεπαμένον
585 1795 630 1831 et
656 1786 888 1829 πεποίσετοιι
922 1785 1152 1842 Pempelus
1178 1787 1279 1830 ibid.
1308 1788 1379 1835 79,
1406 1786 1476 1826 52.
1515 1800 1556 1840 p.
1596 1790 1692 1828 461.
1723 1783 1931 1826 πεπᾶσθαι
1971 1785 2204 1842 Diotogen.
2233 1792 2302 1839 48,
2330 1793 2400 1832 62.

156 1876 159 1878 >
226 1879 269 1918 p.
297 1865 395 1905 330.
454 1857 520 1900 Cf.
550 1855 740 1897 Ahrens.
769 1854 799 1897 l.
828 1854 859 1896 l.
889 1868 931 1908 p.
959 1855 1053 1895 350.
1083 1866 1150 1907 sq.
2040 1857 2042 1860 ’

342 1926 469 1973 Quod
498 1926 542 1965 in
571 1921 685 1964 Hell.
715 1921 751 1971 l,
782 1925 822 1971 1,
849 1925 918 1963 3⁰.
955 1934 1033 1975 pro
1066 1920 1334 1976 glossemate
1361 1918 1605 1960 ἀνεκοινοῦτο
1635 1930 1890 1975 receperunt
1921 1918 2247 1966 οἷνεξυνοῧτο,
2291 1921 2401 1962 dori-

228 2009 327 2039 cum
351 2000 429 2034 est.
487 1989 650 2033 Suidas
679 1986 804 2030 affert
829 1986 943 2029 hanc
968 1985 1154 2032 {ormam
1178 1993 1225 2028 ut
1251 1985 1628 2041 Xenophonteam,
1659 1984 1896 2033 οἷνεξυνοῧτο.
1927 1984 2183 2030 ἀνεκοινοῦτο.
2223 1985 2403 2039 Ξενοφδν

225 2071 273 2106 et
303 2076 338 2102 S.
367 2073 408 2102 v.
437 2054 791 2099 οἶνακοινόσασθοιι.
833 2052 1011 2107 Ξενοφόν
1040 2054 1081 2094 δὲ
1114 2056 1183 2094 καὶ
1212 2051 1441 2100 ἅνεξυνοῧτο
1470 2055 1620 2110 εἴρηκεν
1649 2062 1685 2095 ἐν
1712 2060 1793 2100 ταῖς
1813 2053 2058 2103 Ἑλληνικαῖς.
2097 2051 2162 2095 Cf.
2191 2052 2401 2102 Valcken.

228 2130 288 2173 ad
314 2126 501 2171 Theocr.
528 2123 581 2175 11,
607 2137 650 2179 p.
678 2124 749 2165 4⁷.
796 2120 901 2170 ξυνός
938 2135 1014 2176 pro
1045 2119 1168 2168 κοινός
1197 2133 1332 2176 saepe
1360 2119 1476 2176 apud
1504 2119 1737 2164 Pindarum
1765 2120 1935 2177 legitur.
1991 2119 2161 2177 Olymp.
2190 2124 2232 2171 3,
2264 2124 2330 2164 18.
2358 2125 2400 2173 7,

227 2200 297 2240 21.
335 2191 464 2250 Pyth.
493 2194 536 2243 4,
557 2192 652 2234 154.
681 2193 724 2240 9,
756 2191 826 2232 13.
864 2188 1009 2231 Isthm.
1040 2192 1080 2240 1,
1109 2191 1179 2231 46.
1206 2190 1250 2240 3,
1278 2190 1347 2230 46.
1394 2187 1641 2244 Adjungam
1659 2187 1859 2233 hocloco
1877 2200 2035 2230 nomen
2064 2186 2256 2236 κοινῶν,
2286 2190 2402 2246 quod

228 2263 401 2319 legitur
423 2261 468 2303 in
506 2257 619 2301 Xen.
663 2255 826 2314 Cyrop.
872 2255 976 2307 Vll,
1013 2258 1055 2308 5,
1094 2257 1164 2299 35.
1202 2255 1277 2298 ubi
1304 2253 1390 2297 vid.
1418 2253 1550 2297 Zeun.
1605 2255 1704 2299 Non
1733 2256 1890 2313 legitur
1916 2254 2001 2299 hoc
2033 2256 2294 2299 vocabulum
2318 2258 2402 2299 nisi

229 2329 348 2385 apud
375 2327 498 2370 Pind-
527 2324 655 2382 Pyth.
684 2328 729 2375 3,
758 2326 828 2366 50·
867 2322 1014 2365 κοινῧνι
1041 2322 1132 2381 παρ’
1164 2319 1372 2375 εὐθυτάτῳ,
1400 2322 1473 2363 ubi
1501 2319 1751 2366 Boeckhius
1781 2321 1923 2364 κοινὸῗνι
1943 2323 2089 2365 edidit.
2132 2323 2403 2365 κοινανεόντων

233 2407 304 2439 est
334 2398 378 2438 in
404 2393 584 2436 foedere
612 2392 880 2447 Argiuorum
906 2398 949 2432 et
984 2390 1310 2445 Spartanorum,
1335 2389 1484 2430 dorica
1512 2388 1696 2432 dialecto
1724 2391 1969 2445 conscripto
1997 2390 2114 2446 apud
2139 2390 2332 2447 Thucyd.
2359 2394 2402 2441 5,

229 2468 301 2507 79.
339 2460 558 2513 Valcken.
578 2458 635 2500 ad
655 2456 844 2499 Theocr.
861 2455 891 2498 l.
921 2455 949 2497 1.
974 2455 1070 2500 loco
1099 2456 1330 2498 Pindarico
1358 2452 1485 2500 ξννῧνι
1515 2454 1677 2498 maluit.
1738 2455 1982 2512 Hesychius
2009 2457 2079 2512 qui
2108 2455 2241 2500 habet
2269 2455 2401 2499 κοινῶ-

230 2548 306 2578 νας,
338 2524 537 2573 κοινωνούς
565 2522 870 2580 Xenophontei
898 2522 983 2566 loci
1012 2524 1227 2566 rationem
1255 2521 1403 2564 habuit
1431 2530 1475 2564 et
1503 2521 1658 2565 Pollux
1685 2526 1731 2574 8,-
1760 2525 1852 2565 134.
1892 2523 1995 2565 citat
2029 2521 2116 2564 hoc
2144 2523 2402 2566 vocabulum

228 2605 276 2639 ut
303 2593 605 2650 Xenophontis
633 2591 873 2648 proprium,
906 2591 938 2631 οἱ
966 2590 1043 2648 γοὲρ
1073 2588 1247 2635 κοινὶἶνες
1275 2584 1520 2639 Ξενοφῶντος
1548 2588 1643 2631 ’ἴδιον
1699 2588 1933 2647 Vulgatum
1961 2589 2156 2638 κοινωνοιὶς
2186 2603 2241 2633 ex
2272 2590 2402 2634 Guel-

229 2662 459 2718 ferbytano
488 2667 533 2702 et
560 2656 714 2700 Altorf.
743 2663 990 2700 correctum
1020 2664 1101 2699 est.
1130 2655 1345 2697 Dicuntur
1373 2655 1433 2697 ita
1461 2657 1539 2699 viri
1568 2658 1801 2712 principes,
1832 2657 1904 2711 qui
1931 2657 2199 2710 reipublicae
2224 2659 2402 2701 admini-

229 2727 441 2771 strandae
480 2732 580 2768 sunt
611 2724 732 2766 socii.
788 2722 966 2778 Legitur
996 2726 1124 2766 etiam
1154 2720 1316 2777 Cyrop.
1353 2720 1454 2762 Vlll
1469 2751 1482 2772 ‚
1525 2725 1563 2773 1,
1604 2727 1669 2765 16.
1705 2725 1748 2766 in
1777 2723 1878 2764 Vat.
1909 2721 2068 2766 Pariss.
2097 2724 2151 2765 A.
2180 2724 2232 2765 Β.
2262 2716 2414 2779 marg.

232 2792 379 2837 Guelf.
423 2791 555 2846 Apud
582 2789 818 2831 Pindarum
844 2789 1048 2843 leguntur
1074 2788 1241 2832 formae
1268 2785 1442 2834 ξυνάονες
1470 2787 1596 2845 Pyth.
1624 2794 1667 2840 3,
1695 2793 1765 2832 48.
1795 2796 1838 2831 et
1864 2786 2005 2835 ξννῖἔνοι
2032 2789 2154 2832 Nem.
2183 2794 2224 2842 5,
2254 2794 2323 2833 27.

310 2868 316 2875 ‘
341 2858 587 2900 Verissima
621 2864 687 2900 est
724 2853 875 2896 Haasii
903 2855 1153 2909 conjectura
1190 2855 1234 2896 in
1262 2854 1348 2896 ind.
1377 2869 1420 2910 p.
1450 2857 1546 2897 299.
1562 2870 1698 2899 usum
1728 2855 2036 2910 particularum
2075 2875 2132 2907 γε
2165 2856 2255 2909 μήν
2276 2859 2399 2914 justo

216 2927 561 2983 'frequentiorem
590 2922 708 2980 apud
736 2918 1069 2977 Xenophontem
1095 2919 1287 2965 fortasse
1314 2935 1341 2964 a
1359 2921 1676 2978 Spartanorum
1696 2922 2005 2966 consuetudine
2025 2923 2271 2980 profectum
2289 2938 2398 2968 esse.

230 2995 356 3042 Quae
383 2990 524 3036 attulit
553 3004 610 3034 ex
639 2986 933 3045 Aristophane
962 2988 1183 3046 exempla,
1222 2988 1298 3045 qui
1325 2987 1554 3033 Lacaenae
1588 2990 1631 3032 in
1660 2988 1838 3046 Lysistr.
1880 3005 1922 3033 v.
1964 2994 2059 3034 111.
2090 2994 2186 3034 170.
2232 2992 2299 3034 bis
2326 2994 2399 3035 tri-

225 3063 320 3104 buit
346 3058 581 3116 particulas
609 3076 664 3109 γα
703 3055 801 3110 μέν.
841 3056 892 3099 iis
929 3055 1045 3099 addo
1083 3059 1293 3114 quinque·
1314 3070 1369 3100 ex
1397 3056 1650 3115 fragmentis
1679 3057 1860 3109 doricis,
1897 3058 2014 3101 unde
2052 3058 2263 3115 colligere
2300 3058 2401 3103 licet

227 3130 348 3172 hunc
374 3139 501 3169 usum
528 3126 700 3169 omnino
727 3124 843 3179 apud
871 3121 1109 3168 Dorienses
1138 3123 1454 3179 praevaluisse.
1510 3122 1758 3176 Epicharm.
1788 3125 1943 3181 fragm.
1970 3129 2040 3168 94.
2078 3125 2166 3176 (ed.
2196 3125 2401 3176 Ahrens.)
